<?xml version="1.0" encoding="UTF-8"?>
<!DOCTYPE html PUBLIC "-//W3C//DTD XHTML 1.0 Transitional//EN"
    "http://www.w3.org/TR/xhtml1/DTD/xhtml1-transitional.dtd">
<html xmlns="http://www.w3.org/1999/xhtml" xml:lang="en" lang="en">
 <head>
  <title>
</title>
<meta http-equiv="Content-Type" content="text/html;charset=utf-8" />
  <meta name='ocr-system' content='tesseract 3.04.00' />
  <meta name='ocr-capabilities' content='ocr_page ocr_carea ocr_par ocr_line ocrx_word'/>
</head>
<body>
  <div class='ocr_page' id='page_1' title='image "./dehaudethaudqua01plangoog_0021.png"; bbox 0 0 3109 5159; ppageno 0'>
   <div class='ocr_carea' id='block_1_1' title="bbox 597 508 810 574">
    <p class='ocr_par' dir='ltr' id='par_1_1' title="bbox 597 508 810 574">
     <span class='ocr_line' id='line_1_1' title="bbox 597 508 810 574; baseline 0 -15"><span class='ocrx_word' id='word_1_1' title='bbox 597 508 810 574; x_wconf 65' lang='lat'>..15-</span> 
     </span>
    </p>
   </div>
   <div class='ocr_carea' id='block_1_2' title="bbox 157 672 1296 4265">
    <p class='ocr_par' dir='ltr' id='par_1_2' title="bbox 157 672 1296 865">
     <span class='ocr_line' id='line_1_2' title="bbox 193 672 1223 769; baseline 0.002 -23"><span class='ocrx_word' id='word_1_2' title='bbox 193 679 285 769; x_wconf 72' lang='lat' dir='ltr'><strong>baud</strong></span> <span class='ocrx_word' id='word_1_3' title='bbox 306 672 404 748; x_wconf 75' lang='lat' dir='ltr'><strong>facile</strong></span> <span class='ocrx_word' id='word_1_4' title='bbox 410 728 418 759; x_wconf 82' lang='grc'>,</span> <span class='ocrx_word' id='word_1_5' title='bbox 441 677 610 750; x_wconf 82' lang='lat' dir='ltr'>Petronius</span> <span class='ocrx_word' id='word_1_6' title='bbox 640 681 770 746; x_wconf 79' lang='lat' dir='ltr'><strong>Arbiter</strong></span> <span class='ocrx_word' id='word_1_7' title='bbox 798 681 896 745; x_wconf 84' lang='lat' dir='ltr'><strong>seurel</strong></span> <span class='ocrx_word' id='word_1_8' title='bbox 928 679 1022 769; x_wconf 77' lang='lat' dir='ltr'><strong>lrnud</strong></span> <span class='ocrx_word' id='word_1_9' title='bbox 1050 681 1145 763; x_wconf 88' lang='lat' dir='ltr'><strong>altus,</strong></span> <span class='ocrx_word' id='word_1_10' title='bbox 1175 683 1223 748; x_wconf 92' lang='lat' dir='ltr'><strong>in-</strong></span> 
     </span>
     <span class='ocr_line' id='line_1_3' title="bbox 157 773 1296 865; baseline -0.001 -17"><span class='ocrx_word' id='word_1_11' title='bbox 157 782 161 787; x_wconf 85' lang='grc'><strong>’</strong></span> <span class='ocrx_word' id='word_1_12' title='bbox 189 783 303 862; x_wconf 85' lang='lat' dir='ltr'><strong>cultus,</strong></span> <span class='ocrx_word' id='word_1_13' title='bbox 326 782 431 860; x_wconf 89' lang='lat' dir='ltr'><strong>dubie,</strong></span> <span class='ocrx_word' id='word_1_14' title='bbox 454 782 573 864; x_wconf 91' lang='lat' dir='ltr'><strong>procul,</strong></span> <span class='ocrx_word' id='word_1_15' title='bbox 596 783 734 865; x_wconf 83' lang='lat' dir='ltr'><strong>impune,</strong></span> <span class='ocrx_word' id='word_1_16' title='bbox 756 776 864 848; x_wconf 83' lang='lat' dir='ltr'><strong>mora‘.</strong></span> <span class='ocrx_word' id='word_1_17' title='bbox 1294 773 1296 776; x_wconf 70' lang='grc'><strong>’</strong></span> 
     </span>
    </p>

    <p class='ocr_par' dir='ltr' id='par_1_3' title="bbox 188 884 1227 2508">
     <span class='ocr_line' id='line_1_4' title="bbox 274 884 1225 967; baseline -0.002 -15"><span class='ocrx_word' id='word_1_18' title='bbox 274 885 377 952; x_wconf 91' lang='lat' dir='ltr'><strong>Multo</strong></span> <span class='ocrx_word' id='word_1_19' title='bbox 399 884 528 965; x_wconf 88' lang='lat' dir='ltr'><strong>saepius</strong></span> <span class='ocrx_word' id='word_1_20' title='bbox 551 884 611 949; x_wconf 90' lang='lat' dir='ltr'><strong>hac</strong></span> <span class='ocrx_word' id='word_1_21' title='bbox 626 886 796 967; x_wconf 80' lang='lat' dir='ltr'>negatione</span> <span class='ocrx_word' id='word_1_22' title='bbox 817 901 895 950; x_wconf 85' lang='lat' dir='ltr'><strong>usus</strong></span> <span class='ocrx_word' id='word_1_23' title='bbox 918 891 969 950; x_wconf 91' lang='lat' dir='ltr'><strong>est</strong></span> <span class='ocrx_word' id='word_1_24' title='bbox 983 886 1105 951; x_wconf 84' lang='lat' dir='ltr'>Plinius</span> <span class='ocrx_word' id='word_1_25' title='bbox 1120 887 1225 950; x_wconf 90' lang='lat' dir='ltr'><strong>Maior</strong></span> 
     </span>
     <span class='ocr_line' id='line_1_5' title="bbox 188 987 1225 1069; baseline -0.002 -16"><span class='ocrx_word' id='word_1_26' title='bbox 188 996 222 1053; x_wconf 90' lang='lat' dir='ltr'><strong>et</strong></span> <span class='ocrx_word' id='word_1_27' title='bbox 244 988 370 1069; x_wconf 90' lang='lat' dir='ltr'><strong>quidem</strong></span> <span class='ocrx_word' id='word_1_28' title='bbox 386 987 557 1052; x_wconf 69' lang='lat' dir='ltr'><strong>maximam</strong></span> <span class='ocrx_word' id='word_1_29' title='bbox 579 993 704 1067; x_wconf 88' lang='lat' dir='ltr'><strong>partem</strong></span> <span class='ocrx_word' id='word_1_30' title='bbox 728 992 803 1052; x_wconf 89' lang='lat' dir='ltr'><strong>ante</strong></span> <span class='ocrx_word' id='word_1_31' title='bbox 825 988 986 1053; x_wconf 91' lang='lat' dir='ltr'><strong>adiectiua</strong></span> <span class='ocrx_word' id='word_1_32' title='bbox 1006 994 1039 1053; x_wconf 93' lang='lat' dir='ltr'><strong>et</strong></span> <span class='ocrx_word' id='word_1_33' title='bbox 1061 988 1225 1067; x_wconf 86' lang='lat' dir='ltr'><strong>aduerbia,</strong></span> 
     </span>
     <span class='ocr_line' id='line_1_6' title="bbox 189 1089 1224 1170; baseline 0.001 -15"><span class='ocrx_word' id='word_1_34' title='bbox 189 1091 295 1156; x_wconf 88' lang='lat' dir='ltr'><strong>rarius</strong></span> <span class='ocrx_word' id='word_1_35' title='bbox 317 1096 393 1156; x_wconf 88' lang='lat' dir='ltr'><strong>ante</strong></span> <span class='ocrx_word' id='word_1_36' title='bbox 407 1089 516 1169; x_wconf 88' lang='lat' dir='ltr'><strong>uerba,</strong></span> <span class='ocrx_word' id='word_1_37' title='bbox 539 1107 672 1169; x_wconf 90' lang='lat' dir='ltr'><strong>quorum</strong></span> <span class='ocrx_word' id='word_1_38' title='bbox 696 1108 713 1154; x_wconf 91' lang='lat' dir='ltr'><strong>e</strong></span> <span class='ocrx_word' id='word_1_39' title='bbox 735 1109 867 1155; x_wconf 89' lang='lat' dir='ltr'><strong>numero</strong></span> <span class='ocrx_word' id='word_1_40' title='bbox 882 1090 1021 1170; x_wconf 89' lang='lat' dir='ltr'><strong>primum</strong></span> <span class='ocrx_word' id='word_1_41' title='bbox 1042 1091 1145 1156; x_wconf 87' lang='lat' dir='ltr'><strong>locum</strong></span> <span class='ocrx_word' id='word_1_42' title='bbox 1168 1090 1224 1156; x_wconf 91' lang='lat' dir='ltr'><strong>ob-</strong></span> 
     </span>
     <span class='ocr_line' id='line_1_7' title="bbox 190 1184 1224 1281; baseline -0.001 -23"><span class='ocrx_word' id='word_1_43' title='bbox 190 1194 272 1260; x_wconf 89' lang='lat' dir='ltr'><strong>tinet</strong></span> <span class='ocrx_word' id='word_1_44' title='bbox 297 1192 389 1281; x_wconf 83' lang='lat' dir='ltr'><strong>&gt;baud</strong></span> <span class='ocrx_word' id='word_1_45' title='bbox 402 1184 487 1271; x_wconf 85' lang='lat' dir='ltr'><strong>scio‘,</strong></span> <span class='ocrx_word' id='word_1_46' title='bbox 509 1192 594 1271; x_wconf 90' lang='lat' dir='ltr'><strong>quod</strong></span> <span class='ocrx_word' id='word_1_47' title='bbox 615 1191 648 1255; x_wconf 94' lang='lat' dir='ltr'><strong>in</strong></span> <span class='ocrx_word' id='word_1_48' title='bbox 666 1190 769 1256; x_wconf 84' lang='lat' dir='ltr'><strong>Curtii</strong></span> <span class='ocrx_word' id='word_1_49' title='bbox 784 1192 915 1273; x_wconf 89' lang='lat' dir='ltr'><strong>scriptis</strong></span> <span class='ocrx_word' id='word_1_50' title='bbox 929 1191 1025 1273; x_wconf 91' lang='lat' dir='ltr'><strong>plane</strong></span> <span class='ocrx_word' id='word_1_51' title='bbox 1042 1193 1154 1258; x_wconf 83' lang='lat' dir='ltr'><strong>deesse</strong></span> <span class='ocrx_word' id='word_1_52' title='bbox 1175 1192 1224 1257; x_wconf 89' lang='lat' dir='ltr'><strong>ui-</strong></span> 
     </span>
     <span class='ocr_line' id='line_1_8' title="bbox 190 1293 1223 1376; baseline -0.002 -14"><span class='ocrx_word' id='word_1_53' title='bbox 190 1296 304 1362; x_wconf 89' lang='lat' dir='ltr'><strong>dimus.</strong></span> <span class='ocrx_word' id='word_1_54' title='bbox 354 1293 393 1358; x_wconf 95' lang='lat' dir='ltr'><strong>Id</strong></span> <span class='ocrx_word' id='word_1_55' title='bbox 425 1299 531 1358; x_wconf 91' lang='lat' dir='ltr'><strong>autem</strong></span> <span class='ocrx_word' id='word_1_56' title='bbox 564 1294 746 1360; x_wconf 89' lang='lat' dir='ltr'><strong>addendum</strong></span> <span class='ocrx_word' id='word_1_57' title='bbox 777 1312 847 1358; x_wconf 91' lang='lat' dir='ltr'><strong>esse</strong></span> <span class='ocrx_word' id='word_1_58' title='bbox 875 1294 954 1358; x_wconf 91' lang='lat' dir='ltr'><strong>mihi</strong></span> <span class='ocrx_word' id='word_1_59' title='bbox 984 1295 1123 1376; x_wconf 88' lang='lat' dir='ltr'><strong>uidetur,</strong></span> <span class='ocrx_word' id='word_1_60' title='bbox 1153 1314 1223 1360; x_wconf 91' lang='lat' dir='ltr'><strong>eum</strong></span> 
     </span>
     <span class='ocr_line' id='line_1_9' title="bbox 189 1395 1224 1479; baseline -0.002 -16"><span class='ocrx_word' id='word_1_61' title='bbox 189 1397 346 1479; x_wconf 85' lang='lat' dir='ltr'><strong>imprimis</strong></span> <span class='ocrx_word' id='word_1_62' title='bbox 376 1397 409 1463; x_wconf 89' lang='lat' dir='ltr'><strong>iu</strong></span> <span class='ocrx_word' id='word_1_63' title='bbox 438 1395 546 1477; x_wconf 91' lang='lat' dir='ltr'><strong>priore</strong></span> <span class='ocrx_word' id='word_1_64' title='bbox 574 1402 668 1477; x_wconf 90' lang='lat' dir='ltr'><strong>parte</strong></span> <span class='ocrx_word' id='word_1_65' title='bbox 696 1396 804 1477; x_wconf 89' lang='lat' dir='ltr'><strong>operis</strong></span> <span class='ocrx_word' id='word_1_66' title='bbox 831 1395 914 1461; x_wconf 89' lang='lat' dir='ltr'><strong>banc</strong></span> <span class='ocrx_word' id='word_1_67' title='bbox 935 1397 1137 1478; x_wconf 83' lang='lat' dir='ltr'><strong>negationem</strong></span> <span class='ocrx_word' id='word_1_68' title='bbox 1167 1398 1224 1461; x_wconf 92' lang='lat' dir='ltr'><strong>ad-</strong></span> 
     </span>
     <span class='ocr_line' id='line_1_10' title="bbox 189 1498 1224 1580; baseline -0.003 -14"><span class='ocrx_word' id='word_1_69' title='bbox 189 1501 341 1580; x_wconf 88' lang='lat' dir='ltr'><strong>hibuisse,</strong></span> <span class='ocrx_word' id='word_1_70' title='bbox 370 1499 404 1563; x_wconf 91' lang='lat' dir='ltr'><strong>id</strong></span> <span class='ocrx_word' id='word_1_71' title='bbox 427 1503 478 1565; x_wconf 89' lang='lat' dir='ltr'><strong>est</strong></span> <span class='ocrx_word' id='word_1_72' title='bbox 500 1516 600 1580; x_wconf 88' lang='lat' dir='ltr'><strong>usque</strong></span> <span class='ocrx_word' id='word_1_73' title='bbox 622 1499 665 1562; x_wconf 89' lang='lat' dir='ltr'><strong>cd</strong></span> <span class='ocrx_word' id='word_1_74' title='bbox 686 1498 805 1563; x_wconf 90' lang='lat' dir='ltr'><strong>librum</strong></span> <span class='ocrx_word' id='word_1_75' title='bbox 826 1499 1116 1563; x_wconf 81' lang='lat' dir='ltr'><strong>duodeuicesimam</strong></span> <span class='ocrx_word' id='word_1_76' title='bbox 1143 1500 1224 1580; x_wconf 91' lang='lat' dir='ltr'><strong>(om-</strong></span> 
     </span>
     <span class='ocr_line' id='line_1_11' title="bbox 189 1600 1226 1689; baseline -0.003 -20"><span class='ocrx_word' id='word_1_77' title='bbox 189 1605 263 1669; x_wconf 92' lang='lat' dir='ltr'><strong>nino</strong></span> <span class='ocrx_word' id='word_1_78' title='bbox 280 1603 392 1680; x_wconf 61' lang='lat' dir='ltr'><strong>trib),</strong></span> <span class='ocrx_word' id='word_1_79' title='bbox 414 1601 446 1665; x_wconf 93' lang='lat' dir='ltr'><strong>in</strong></span> <span class='ocrx_word' id='word_1_80' title='bbox 468 1602 645 1681; x_wconf 91' lang='lat' dir='ltr'><strong>posteriore</strong></span> <span class='ocrx_word' id='word_1_81' title='bbox 659 1607 766 1667; x_wconf 83' lang='lat' dir='ltr'><strong>autem</strong></span> <span class='ocrx_word' id='word_1_82' title='bbox 789 1607 882 1681; x_wconf 88' lang='lat' dir='ltr'><strong>parte</strong></span> <span class='ocrx_word' id='word_1_83' title='bbox 903 1600 954 1665; x_wconf 90' lang='lat' dir='ltr'><strong>bis</strong></span> <span class='ocrx_word' id='word_1_84' title='bbox 969 1607 1093 1666; x_wconf 89' lang='lat' dir='ltr'><strong>tantum</strong></span> <span class='ocrx_word' id='word_1_85' title='bbox 1117 1601 1226 1689; x_wconf 74' lang='lat' dir='ltr'><strong>(baud</strong></span> 
     </span>
     <span class='ocr_line' id='line_1_12' title="bbox 189 1698 1224 1785; baseline -0.006 -13"><span class='ocrx_word' id='word_1_86' title='bbox 189 1705 293 1785; x_wconf 83' lang='lat' dir='ltr'><strong>facile,</strong></span> <span class='ocrx_word' id='word_1_87' title='bbox 315 1705 402 1769; x_wconf 91' lang='lat' dir='ltr'><strong>haud</strong></span> <span class='ocrx_word' id='word_1_88' title='bbox 431 1698 623 1784; x_wconf 78' lang='lat' dir='ltr'><strong>immerito‘).</strong></span> <span class='ocrx_word' id='word_1_89' title='bbox 667 1703 756 1779; x_wconf 82' lang='lat' dir='ltr'><strong>Quae</strong></span> <span class='ocrx_word' id='word_1_90' title='bbox 786 1722 837 1768; x_wconf 91' lang='lat' dir='ltr'><strong>res</strong></span> <span class='ocrx_word' id='word_1_91' title='bbox 859 1701 997 1768; x_wconf 87' lang='lat' dir='ltr'><strong>fortasse</strong></span> <span class='ocrx_word' id='word_1_92' title='bbox 1027 1704 1102 1769; x_wconf 90' lang='lat' dir='ltr'><strong>inde</strong></span> <span class='ocrx_word' id='word_1_93' title='bbox 1124 1703 1224 1785; x_wconf 87' lang='lat' dir='ltr'><strong>expli·</strong></span> 
     </span>
     <span class='ocr_line' id='line_1_13' title="bbox 189 1804 1224 1887; baseline -0.006 -11"><span class='ocrx_word' id='word_1_94' title='bbox 189 1809 292 1876; x_wconf 88' lang='lat' dir='ltr'><strong>canda</strong></span> <span class='ocrx_word' id='word_1_95' title='bbox 314 1812 381 1885; x_wconf 91' lang='lat' dir='ltr'><strong>est,</strong></span> <span class='ocrx_word' id='word_1_96' title='bbox 410 1807 495 1887; x_wconf 92' lang='lat' dir='ltr'><strong>quod</strong></span> <span class='ocrx_word' id='word_1_97' title='bbox 526 1806 558 1870; x_wconf 91' lang='lat' dir='ltr'><strong>in</strong></span> <span class='ocrx_word' id='word_1_98' title='bbox 581 1806 742 1887; x_wconf 85' lang='lat' dir='ltr'><strong>prioribus</strong></span> <span class='ocrx_word' id='word_1_99' title='bbox 764 1805 857 1871; x_wconf 92' lang='lat' dir='ltr'><strong>libris</strong></span> <span class='ocrx_word' id='word_1_100' title='bbox 880 1804 1002 1871; x_wconf 87' lang='lat' dir='ltr'><strong>Plinius</strong></span> <span class='ocrx_word' id='word_1_101' title='bbox 1024 1807 1159 1887; x_wconf 89' lang='lat' dir='ltr'><strong>propius</strong></span> <span class='ocrx_word' id='word_1_102' title='bbox 1181 1806 1224 1870; x_wconf 89' lang='lat' dir='ltr'><strong>cd</strong></span> 
     </span>
     <span class='ocr_line' id='line_1_14' title="bbox 189 1907 1224 1991; baseline -0.004 -14"><span class='ocrx_word' id='word_1_103' title='bbox 189 1930 295 1978; x_wconf 90' lang='lat' dir='ltr'><strong>rerum</strong></span> <span class='ocrx_word' id='word_1_104' title='bbox 318 1910 490 1991; x_wconf 79' lang='lat' dir='ltr'><strong>scriptores</strong></span> <span class='ocrx_word' id='word_1_105' title='bbox 521 1908 555 1972; x_wconf 88' lang='lat' dir='ltr'><strong>in</strong></span> <span class='ocrx_word' id='word_1_106' title='bbox 577 1926 694 1990; x_wconf 81' lang='lat' dir='ltr'><strong>genere</strong></span> <span class='ocrx_word' id='word_1_107' title='bbox 715 1907 844 1972; x_wconf 92' lang='lat' dir='ltr'><strong>dicendi</strong></span> <span class='ocrx_word' id='word_1_108' title='bbox 866 1908 999 1986; x_wconf 88' lang='lat' dir='ltr'><strong>accedit,</strong></span> <span class='ocrx_word' id='word_1_109' title='bbox 1032 1909 1065 1971; x_wconf 91' lang='lat' dir='ltr'><strong>in</strong></span> <span class='ocrx_word' id='word_1_110' title='bbox 1087 1909 1224 1990; x_wconf 86' lang='lat' dir='ltr'><strong>posteri·</strong></span> 
     </span>
     <span class='ocr_line' id='line_1_15' title="bbox 190 2010 1226 2092; baseline -0.004 -12"><span class='ocrx_word' id='word_1_111' title='bbox 190 2013 299 2080; x_wconf 88' lang='lat' dir='ltr'><strong>oribus</strong></span> <span class='ocrx_word' id='word_1_112' title='bbox 321 2031 398 2076; x_wconf 90' lang='lat' dir='ltr'><strong>uero</strong></span> <span class='ocrx_word' id='word_1_113' title='bbox 412 2011 518 2076; x_wconf 89' lang='lat' dir='ltr'><strong>ieiuna</strong></span> <span class='ocrx_word' id='word_1_114' title='bbox 534 2010 720 2091; x_wconf 88' lang='lat' dir='ltr'><strong>plerumque</strong></span> <span class='ocrx_word' id='word_1_115' title='bbox 735 2012 933 2075; x_wconf 84' lang='lat' dir='ltr'><strong>enumeratio</strong></span> <span class='ocrx_word' id='word_1_116' title='bbox 950 2011 1133 2092; x_wconf 86' lang='lat' dir='ltr'><strong>plantarum</strong></span> <span class='ocrx_word' id='word_1_117' title='bbox 1156 2011 1226 2076; x_wconf 87' lang='lat' dir='ltr'><strong>siue</strong></span> 
     </span>
     <span class='ocr_line' id='line_1_16' title="bbox 188 2112 1225 2196; baseline -0.005 -14"><span class='ocrx_word' id='word_1_118' title='bbox 188 2117 333 2196; x_wconf 79' lang='lat' dir='ltr'><strong>lapidum</strong></span> <span class='ocrx_word' id='word_1_119' title='bbox 371 2131 543 2193; x_wconf 91' lang='lat' dir='ltr'><strong>eorumque</strong></span> <span class='ocrx_word' id='word_1_120' title='bbox 574 2113 811 2194; x_wconf 83' lang='lat' dir='ltr'><strong>proprietatum</strong></span> <span class='ocrx_word' id='word_1_121' title='bbox 844 2112 874 2177; x_wconf 92' lang='lat' dir='ltr'><strong>ei</strong></span> <span class='ocrx_word' id='word_1_122' title='bbox 903 2112 1100 2177; x_wconf 79' lang='lat' dir='ltr'><strong>occasionem</strong></span> <span class='ocrx_word' id='word_1_123' title='bbox 1130 2112 1225 2177; x_wconf 90' lang='lat' dir='ltr'><strong>buius</strong></span> 
     </span>
     <span class='ocr_line' id='line_1_17' title="bbox 189 2214 1225 2300; baseline -0.003 -18"><span class='ocrx_word' id='word_1_124' title='bbox 189 2217 369 2300; x_wconf 79' lang='lat' dir='ltr'><strong>particulae</strong></span> <span class='ocrx_word' id='word_1_125' title='bbox 390 2218 595 2297; x_wconf 84' lang='lat' dir='ltr'><strong>usurpandae</strong></span> <span class='ocrx_word' id='word_1_126' title='bbox 617 2215 782 2280; x_wconf 88' lang='lat' dir='ltr'><strong>rarissime</strong></span> <span class='ocrx_word' id='word_1_127' title='bbox 803 2214 946 2297; x_wconf 73' lang='lat' dir='ltr'><strong>praebet,</strong></span> <span class='ocrx_word' id='word_1_128' title='bbox 987 2214 1104 2279; x_wconf 87' lang='lat' dir='ltr'><strong>Mirum</strong></span> <span class='ocrx_word' id='word_1_129' title='bbox 1127 2217 1225 2281; x_wconf 90' lang='lat' dir='ltr'><strong>etiam</strong></span> 
     </span>
     <span class='ocr_line' id='line_1_18' title="bbox 189 2316 1227 2406; baseline -0.005 -20"><span class='ocrx_word' id='word_1_130' title='bbox 189 2328 249 2400; x_wconf 92' lang='lat' dir='ltr'><strong>est,</strong></span> <span class='ocrx_word' id='word_1_131' title='bbox 283 2320 367 2400; x_wconf 88' lang='lat' dir='ltr'><strong>quod</strong></span> <span class='ocrx_word' id='word_1_132' title='bbox 393 2319 426 2386; x_wconf 91' lang='lat' dir='ltr'><strong>iu</strong></span> <span class='ocrx_word' id='word_1_133' title='bbox 459 2318 619 2398; x_wconf 88' lang='lat' dir='ltr'><strong>prioribus</strong></span> <span class='ocrx_word' id='word_1_134' title='bbox 641 2317 733 2382; x_wconf 90' lang='lat' dir='ltr'><strong>libris</strong></span> <span class='ocrx_word' id='word_1_135' title='bbox 765 2316 833 2382; x_wconf 87' lang='lat' dir='ltr'><strong>fere</strong></span> <span class='ocrx_word' id='word_1_136' title='bbox 866 2335 992 2398; x_wconf 88' lang='lat' dir='ltr'><strong>semper</strong></span> <span class='ocrx_word' id='word_1_137' title='bbox 1020 2318 1100 2382; x_wconf 90' lang='lat' dir='ltr'><strong>dicit</strong></span> <span class='ocrx_word' id='word_1_138' title='bbox 1133 2316 1227 2406; x_wconf 74' lang='lat' dir='ltr'><strong>baud</strong></span> 
     </span>
     <span class='ocr_line' id='line_1_19' title="bbox 188 2413 992 2508; baseline -0.007 -19"><span class='ocrx_word' id='word_1_139' title='bbox 188 2416 303 2502; x_wconf 83' lang='lat' dir='ltr'><strong>dubie‘,</strong></span> <span class='ocrx_word' id='word_1_140' title='bbox 325 2422 358 2485; x_wconf 90' lang='lat' dir='ltr'><strong>in</strong></span> <span class='ocrx_word' id='word_1_141' title='bbox 380 2420 613 2501; x_wconf 88' lang='lat' dir='ltr'><strong>posterioribus</strong></span> <span class='ocrx_word' id='word_1_142' title='bbox 636 2439 762 2501; x_wconf 89' lang='lat' dir='ltr'><strong>semper</strong></span> <span class='ocrx_word' id='word_1_143' title='bbox 787 2439 856 2508; x_wconf 69' lang='lat' dir='ltr'><strong>²nou</strong></span> <span class='ocrx_word' id='word_1_144' title='bbox 879 2413 992 2484; x_wconf 83' lang='lat' dir='ltr'><strong>dubie‘.</strong></span> 
     </span>
    </p>

    <p class='ocr_par' dir='ltr' id='par_1_4' title="bbox 188 2514 1226 4265">
     <span class='ocr_line' id='line_1_20' title="bbox 273 2514 1224 2610; baseline -0.004 -21"><span class='ocrx_word' id='word_1_145' title='bbox 273 2525 310 2590; x_wconf 92' lang='lat' dir='ltr'><strong>In</strong></span> <span class='ocrx_word' id='word_1_146' title='bbox 343 2542 451 2590; x_wconf 86' lang='lat' dir='ltr'><strong>eorum</strong></span> <span class='ocrx_word' id='word_1_147' title='bbox 474 2524 665 2604; x_wconf 86' lang='lat' dir='ltr'><strong>scriptorum</strong></span> <span class='ocrx_word' id='word_1_148' title='bbox 688 2540 837 2601; x_wconf 90' lang='lat' dir='ltr'><strong>numero,</strong></span> <span class='ocrx_word' id='word_1_149' title='bbox 870 2521 985 2602; x_wconf 90' lang='lat' dir='ltr'><strong>quibus</strong></span> <span class='ocrx_word' id='word_1_150' title='bbox 1018 2514 1122 2610; x_wconf 74' lang='lat' dir='ltr'><strong>pauo‘</strong></span> <span class='ocrx_word' id='word_1_151' title='bbox 1158 2522 1224 2585; x_wconf 90' lang='lat' dir='ltr'><strong>dis-</strong></span> 
     </span>
     <span class='ocr_line' id='line_1_21' title="bbox 188 2622 1224 2710; baseline -0.009 -14"><span class='ocrx_word' id='word_1_152' title='bbox 188 2627 321 2710; x_wconf 85' lang='lat' dir='ltr'><strong>plicuit,</strong></span> <span class='ocrx_word' id='word_1_153' title='bbox 355 2625 588 2703; x_wconf 80' lang='lat' dir='ltr'><strong>Quintilianum</strong></span> <span class='ocrx_word' id='word_1_154' title='bbox 623 2644 747 2707; x_wconf 88' lang='lat' dir='ltr'><strong>quoque</strong></span> <span class='ocrx_word' id='word_1_155' title='bbox 776 2624 1004 2706; x_wconf 88' lang='lat' dir='ltr'><strong>conspicimus,</strong></span> <span class='ocrx_word' id='word_1_156' title='bbox 1042 2623 1097 2705; x_wconf 89' lang='lat' dir='ltr'><strong>qui</strong></span> <span class='ocrx_word' id='word_1_157' title='bbox 1126 2622 1224 2689; x_wconf 88' lang='lat' dir='ltr'><strong>semel</strong></span> 
     </span>
     <span class='ocr_line' id='line_1_22' title="bbox 189 2721 1224 2818; baseline -0.004 -23"><span class='ocrx_word' id='word_1_158' title='bbox 189 2730 320 2811; x_wconf 90' lang='lat' dir='ltr'><strong>scripsit</strong></span> <span class='ocrx_word' id='word_1_159' title='bbox 345 2729 438 2818; x_wconf 71' lang='lat' dir='ltr'><strong>paud</strong></span> <span class='ocrx_word' id='word_1_160' title='bbox 460 2722 558 2798; x_wconf 85' lang='lat' dir='ltr'><strong>dubie‘</strong></span> <span class='ocrx_word' id='word_1_161' title='bbox 585 2734 618 2793; x_wconf 91' lang='lat' dir='ltr'><strong>et</strong></span> <span class='ocrx_word' id='word_1_162' title='bbox 644 2721 937 2816; x_wconf 74' lang='lat' dir='ltr'><strong>baud-deesse.-</strong></span> <span class='ocrx_word' id='word_1_163' title='bbox 953 2726 1116 2791; x_wconf 89' lang='lat' dir='ltr'><strong>Summum</strong></span> <span class='ocrx_word' id='word_1_164' title='bbox 1131 2724 1224 2791; x_wconf 87' lang='lat' dir='ltr'><strong>fasti·</strong></span> 
     </span>
     <span class='ocr_line' id='line_1_23' title="bbox 188 2829 1225 2914; baseline -0.007 -15"><span class='ocrx_word' id='word_1_165' title='bbox 188 2834 276 2914; x_wconf 83' lang='lat' dir='ltr'><strong>gium</strong></span> <span class='ocrx_word' id='word_1_166' title='bbox 298 2839 405 2896; x_wconf 89' lang='lat' dir='ltr'><strong>cutem</strong></span> <span class='ocrx_word' id='word_1_167' title='bbox 428 2849 505 2896; x_wconf 92' lang='lat' dir='ltr'><strong>usus</strong></span> <span class='ocrx_word' id='word_1_168' title='bbox 527 2830 622 2898; x_wconf 90' lang='lat' dir='ltr'><strong>buius</strong></span> <span class='ocrx_word' id='word_1_169' title='bbox 645 2830 792 2896; x_wconf 91' lang='lat' dir='ltr'><strong>uocabuli</strong></span> <span class='ocrx_word' id='word_1_170' title='bbox 814 2829 876 2895; x_wconf 91' lang='lat' dir='ltr'><strong>hac</strong></span> <span class='ocrx_word' id='word_1_171' title='bbox 898 2836 1005 2894; x_wconf 86' lang='lat' dir='ltr'><strong>aetate</strong></span> <span class='ocrx_word' id='word_1_172' title='bbox 1027 2830 1169 2895; x_wconf 84' lang='lat' dir='ltr'><strong>escendit</strong></span> <span class='ocrx_word' id='word_1_173' title='bbox 1191 2831 1225 2892; x_wconf 91' lang='lat' dir='ltr'><strong>in</strong></span> 
     </span>
     <span class='ocr_line' id='line_1_24' title="bbox 189 2931 1224 3017; baseline -0.006 -16"><span class='ocrx_word' id='word_1_174' title='bbox 189 2936 319 3017; x_wconf 88' lang='lat' dir='ltr'><strong>scriptis</strong></span> <span class='ocrx_word' id='word_1_175' title='bbox 342 2934 460 3013; x_wconf 85' lang='lat' dir='ltr'><strong>Taciti,</strong></span> <span class='ocrx_word' id='word_1_176' title='bbox 489 2934 521 3000; x_wconf 93' lang='lat' dir='ltr'><strong>in</strong></span> <span class='ocrx_word' id='word_1_177' title='bbox 544 2933 659 3014; x_wconf 86' lang='lat' dir='ltr'><strong>quibus</strong></span> <span class='ocrx_word' id='word_1_178' title='bbox 680 2932 774 2997; x_wconf 78' lang='lat'><strong>233¹⁰⁸</strong></span> <span class='ocrx_word' id='word_1_179' title='bbox 796 2932 879 2997; x_wconf 91' lang='lat' dir='ltr'><strong>banc</strong></span> <span class='ocrx_word' id='word_1_180' title='bbox 909 2932 1109 3013; x_wconf 81' lang='lat' dir='ltr'><strong>negationem</strong></span> <span class='ocrx_word' id='word_1_181' title='bbox 1137 2931 1224 2995; x_wconf 91' lang='lat' dir='ltr'><strong>inue-</strong></span> 
     </span>
     <span class='ocr_line' id='line_1_25' title="bbox 188 3034 1225 3117; baseline -0.006 -14"><span class='ocrx_word' id='word_1_182' title='bbox 188 3039 310 3117; x_wconf 82' lang='lat' dir='ltr'><strong>nimus3</strong></span> <span class='ocrx_word' id='word_1_183' title='bbox 342 3038 401 3103; x_wconf 88' lang='lat' dir='ltr'><strong>sed</strong></span> <span class='ocrx_word' id='word_1_184' title='bbox 422 3039 548 3101; x_wconf 90' lang='lat' dir='ltr'><strong>tantum</strong></span> <span class='ocrx_word' id='word_1_185' title='bbox 570 3037 603 3100; x_wconf 90' lang='lat' dir='ltr'><strong>in</strong></span> <span class='ocrx_word' id='word_1_186' title='bbox 626 3035 756 3117; x_wconf 88' lang='lat' dir='ltr'><strong>scriptis</strong></span> <span class='ocrx_word' id='word_1_187' title='bbox 785 3036 828 3100; x_wconf 91' lang='lat' dir='ltr'><strong>ad</strong></span> <span class='ocrx_word' id='word_1_188' title='bbox 850 3034 1017 3100; x_wconf 90' lang='lat' dir='ltr'><strong>historiam</strong></span> <span class='ocrx_word' id='word_1_189' title='bbox 1036 3034 1225 3115; x_wconf 89' lang='lat' dir='ltr'><strong>pertinenti·</strong></span> 
     </span>
     <span class='ocr_line' id='line_1_26' title="bbox 189 3134 1226 3225; baseline -0.007 -17"><span class='ocrx_word' id='word_1_190' title='bbox 189 3141 249 3208; x_wconf 90' lang='lat' dir='ltr'><strong>bus</strong></span> <span class='ocrx_word' id='word_1_191' title='bbox 279 3146 401 3221; x_wconf 85' lang='lat' dir='ltr'><strong>exstat,</strong></span> <span class='ocrx_word' id='word_1_192' title='bbox 434 3141 468 3208; x_wconf 90' lang='lat' dir='ltr'><strong>iu</strong></span> <span class='ocrx_word' id='word_1_193' title='bbox 498 3158 535 3204; x_wconf 90' lang='lat' dir='ltr'><strong>eo</strong></span> <span class='ocrx_word' id='word_1_194' title='bbox 567 3139 665 3219; x_wconf 86' lang='lat' dir='ltr'><strong>libro,</strong></span> <span class='ocrx_word' id='word_1_195' title='bbox 695 3139 751 3220; x_wconf 91' lang='lat' dir='ltr'><strong>qui</strong></span> <span class='ocrx_word' id='word_1_196' title='bbox 782 3138 969 3203; x_wconf 85' lang='lat' dir='ltr'><strong>inscribitur</strong></span> <span class='ocrx_word' id='word_1_197' title='bbox 1003 3134 1154 3225; x_wconf 77' lang='lat' dir='ltr'><strong>dialogus</strong></span> <span class='ocrx_word' id='word_1_198' title='bbox 1185 3136 1226 3201; x_wconf 94' lang='lat' dir='ltr'><strong>de</strong></span> 
     </span>
     <span class='ocr_line' id='line_1_27' title="bbox 189 3238 1225 3324; baseline -0.005 -16"><span class='ocrx_word' id='word_1_199' title='bbox 189 3238 395 3323; x_wconf 83' lang='lat' dir='ltr'><strong>oratoribus‘,</strong></span> <span class='ocrx_word' id='word_1_200' title='bbox 427 3261 519 3324; x_wconf 90' lang='lat' dir='ltr'><strong>quem</strong></span> <span class='ocrx_word' id='word_1_201' title='bbox 552 3241 657 3307; x_wconf 89' lang='lat' dir='ltr'><strong>Taciti</strong></span> <span class='ocrx_word' id='word_1_202' title='bbox 687 3260 757 3307; x_wconf 89' lang='lat' dir='ltr'><strong>esse</strong></span> <span class='ocrx_word' id='word_1_203' title='bbox 786 3248 955 3324; x_wconf 89' lang='lat' dir='ltr'><strong>putamus,</strong></span> <span class='ocrx_word' id='word_1_204' title='bbox 992 3240 1088 3320; x_wconf 91' lang='lat' dir='ltr'><strong>plane</strong></span> <span class='ocrx_word' id='word_1_205' title='bbox 1124 3241 1225 3304; x_wconf 87' lang='lat' dir='ltr'><strong>deest.</strong></span> 
     </span>
     <span class='ocr_line' id='line_1_28' title="bbox 188 3340 1224 3429; baseline -0.008 -17"><span class='ocrx_word' id='word_1_206' title='bbox 188 3347 299 3429; x_wconf 86' lang='lat' dir='ltr'><strong>Neque</strong></span> <span class='ocrx_word' id='word_1_207' title='bbox 328 3365 405 3412; x_wconf 88' lang='lat' dir='ltr'><strong>uero</strong></span> <span class='ocrx_word' id='word_1_208' title='bbox 434 3346 466 3409; x_wconf 93' lang='lat' dir='ltr'><strong>in</strong></span> <span class='ocrx_word' id='word_1_209' title='bbox 499 3345 594 3411; x_wconf 90' lang='lat' dir='ltr'><strong>huius</strong></span> <span class='ocrx_word' id='word_1_210' title='bbox 625 3346 756 3426; x_wconf 89' lang='lat' dir='ltr'><strong>scriptis</strong></span> <span class='ocrx_word' id='word_1_211' title='bbox 787 3363 864 3412; x_wconf 89' lang='lat' dir='ltr'><strong>usus</strong></span> <span class='ocrx_word' id='word_1_212' title='bbox 887 3342 1033 3408; x_wconf 86' lang='lat' dir='ltr'><strong>uocabuli</strong></span> <span class='ocrx_word' id='word_1_213' title='bbox 1061 3340 1144 3406; x_wconf 89' lang='lat' dir='ltr'><strong>alius</strong></span> <span class='ocrx_word' id='word_1_214' title='bbox 1174 3348 1224 3406; x_wconf 91' lang='lat' dir='ltr'><strong>est</strong></span> 
     </span>
     <span class='ocr_line' id='line_1_29' title="bbox 189 3445 1225 3531; baseline -0.005 -18"><span class='ocrx_word' id='word_1_215' title='bbox 189 3456 286 3531; x_wconf 89' lang='lat' dir='ltr'><strong>atque</strong></span> <span class='ocrx_word' id='word_1_216' title='bbox 317 3449 350 3516; x_wconf 86' lang='lat' dir='ltr'><strong>in</strong></span> <span class='ocrx_word' id='word_1_217' title='bbox 372 3448 463 3513; x_wconf 89' lang='lat' dir='ltr'><strong>libris</strong></span> <span class='ocrx_word' id='word_1_218' title='bbox 485 3448 759 3527; x_wconf 67' lang='lat' dir='ltr'><strong>antecedentium</strong></span> <span class='ocrx_word' id='word_1_219' title='bbox 790 3466 863 3512; x_wconf 89' lang='lat' dir='ltr'><strong>nam</strong></span> <span class='ocrx_word' id='word_1_220' title='bbox 889 3463 997 3510; x_wconf 91' lang='lat' dir='ltr'><strong>omnes</strong></span> <span class='ocrx_word' id='word_1_221' title='bbox 1019 3445 1080 3509; x_wconf 94' lang='lat' dir='ltr'><strong>loci</strong></span> <span class='ocrx_word' id='word_1_222' title='bbox 1102 3462 1225 3509; x_wconf 89' lang='lat' dir='ltr'><strong>accom-</strong></span> 
     </span>
     <span class='ocr_line' id='line_1_30' title="bbox 188 3543 1226 3638; baseline -0.009 -20"><span class='ocrx_word' id='word_1_223' title='bbox 188 3553 313 3618; x_wconf 85' lang='lat' dir='ltr'><strong>modari</strong></span> <span class='ocrx_word' id='word_1_224' title='bbox 328 3557 463 3633; x_wconf 89' lang='lat' dir='ltr'><strong>possunt</strong></span> <span class='ocrx_word' id='word_1_225' title='bbox 476 3551 524 3619; x_wconf 91' lang='lat' dir='ltr'><strong>illi</strong></span> <span class='ocrx_word' id='word_1_226' title='bbox 538 3551 612 3632; x_wconf 82' lang='lat' dir='ltr'><strong>legi,</strong></span> <span class='ocrx_word' id='word_1_227' title='bbox 627 3569 691 3632; x_wconf 86' lang='lat' dir='ltr'><strong>qua</strong></span> <span class='ocrx_word' id='word_1_228' title='bbox 711 3543 808 3638; x_wconf 71' lang='lat' dir='ltr'><strong>baud</strong></span> <span class='ocrx_word' id='word_1_229' title='bbox 828 3554 1004 3630; x_wconf 89' lang='lat' dir='ltr'><strong>usurpatur</strong></span> <span class='ocrx_word' id='word_1_230' title='bbox 1020 3546 1062 3610; x_wconf 89' lang='lat' dir='ltr'><strong>ad</strong></span> <span class='ocrx_word' id='word_1_231' title='bbox 1078 3547 1226 3627; x_wconf 83' lang='lat' dir='ltr'><strong>neganda</strong></span> 
     </span>
     <span class='ocr_line' id='line_1_31' title="bbox 189 3649 1224 3738; baseline -0.01 -16"><span class='ocrx_word' id='word_1_232' title='bbox 189 3656 316 3738; x_wconf 83' lang='lat' dir='ltr'><strong>singula</strong></span> <span class='ocrx_word' id='word_1_233' title='bbox 346 3653 509 3720; x_wconf 87' lang='lat' dir='ltr'><strong>uocabula.</strong></span> <span class='ocrx_word' id='word_1_234' title='bbox 561 3654 665 3719; x_wconf 90' lang='lat' dir='ltr'><strong>Unam</strong></span> <span class='ocrx_word' id='word_1_235' title='bbox 702 3661 828 3719; x_wconf 87' lang='lat' dir='ltr'><strong>tantum</strong></span> <span class='ocrx_word' id='word_1_236' title='bbox 866 3652 1056 3717; x_wconf 88' lang='lat' dir='ltr'><strong>locutionem</strong></span> <span class='ocrx_word' id='word_1_237' title='bbox 1084 3649 1224 3729; x_wconf 83' lang='lat' dir='ltr'><strong>afferam,</strong></span> 
     </span>
     <span class='ocr_line' id='line_1_32' title="bbox 189 3752 1225 3841; baseline -0.007 -18"><span class='ocrx_word' id='word_1_238' title='bbox 189 3777 270 3841; x_wconf 85' lang='lat' dir='ltr'><strong>quae</strong></span> <span class='ocrx_word' id='word_1_239' title='bbox 293 3758 416 3828; x_wconf 83' lang='lat' dir='ltr'><strong>Tacitei</strong></span> <span class='ocrx_word' id='word_1_240' title='bbox 437 3758 592 3823; x_wconf 88' lang='lat' dir='ltr'><strong>sermonis</strong></span> <span class='ocrx_word' id='word_1_241' title='bbox 615 3757 747 3838; x_wconf 89' lang='lat' dir='ltr'><strong>propria</strong></span> <span class='ocrx_word' id='word_1_242' title='bbox 773 3762 840 3835; x_wconf 88' lang='lat' dir='ltr'><strong>est,</strong></span> <span class='ocrx_word' id='word_1_243' title='bbox 873 3756 944 3820; x_wconf 91' lang='lat' dir='ltr'><strong>dico</strong></span> <span class='ocrx_word' id='word_1_244' title='bbox 978 3754 1070 3841; x_wconf 76' lang='lat' dir='ltr'><strong>baud</strong></span> <span class='ocrx_word' id='word_1_245' title='bbox 1091 3752 1225 3833; x_wconf 84' lang='lat' dir='ltr'><strong>perinde</strong></span> 
     </span>
     <span class='ocr_line' id='line_1_33' title="bbox 188 3854 1225 3943; baseline -0.007 -18"><span class='ocrx_word' id='word_1_246' title='bbox 188 3898 231 3909; x_wconf 95' lang='lat'>—</span> <span class='ocrx_word' id='word_1_247' title='bbox 253 3854 353 3943; x_wconf 79' lang='lat' dir='ltr'><strong>quani</strong></span> <span class='ocrx_word' id='word_1_248' title='bbox 365 3910 373 3940; x_wconf 91' lang='lat'><strong>,</strong></span> <span class='ocrx_word' id='word_1_249' title='bbox 404 3879 547 3942; x_wconf 87' lang='lat' dir='ltr'><strong>quaeque</strong></span> <span class='ocrx_word' id='word_1_250' title='bbox 576 3858 868 3941; x_wconf 82' lang='lat' dir='ltr'><strong>aStuerenburgio</strong></span> <span class='ocrx_word' id='word_1_251' title='bbox 898 3855 1058 3938; x_wconf 86' lang='lat' dir='ltr'><strong>explicata</strong></span> <span class='ocrx_word' id='word_1_252' title='bbox 1087 3862 1138 3920; x_wconf 91' lang='lat' dir='ltr'><strong>est</strong></span> <span class='ocrx_word' id='word_1_253' title='bbox 1166 3872 1225 3935; x_wconf 91' lang='lat' dir='ltr'><strong>per</strong></span> 
     </span>
     <span class='ocr_line' id='line_1_34' title="bbox 192 3958 1225 4054; baseline -0.011 -21"><span class='ocrx_word' id='word_1_254' title='bbox 192 3984 235 4054; x_wconf 80' lang='lat' dir='ltr'><strong>‚eo</strong></span> <span class='ocrx_word' id='word_1_255' title='bbox 256 3958 368 4032; x_wconf 86' lang='lat' dir='ltr'><strong>modo‘.</strong></span> <span class='ocrx_word' id='word_1_256' title='bbox 400 3963 510 4045; x_wconf 89' lang='lat' dir='ltr'><strong>Neque</strong></span> <span class='ocrx_word' id='word_1_257' title='bbox 531 3983 608 4030; x_wconf 88' lang='lat' dir='ltr'><strong>uero</strong></span> <span class='ocrx_word' id='word_1_258' title='bbox 630 3964 660 4029; x_wconf 90' lang='lat' dir='ltr'><strong>ei</strong></span> <span class='ocrx_word' id='word_1_259' title='bbox 683 3962 877 4043; x_wconf 89' lang='lat' dir='ltr'><strong>adstipulari</strong></span> <span class='ocrx_word' id='word_1_260' title='bbox 898 3977 1038 4043; x_wconf 89' lang='lat' dir='ltr'><strong>possum,</strong></span> <span class='ocrx_word' id='word_1_261' title='bbox 1061 3976 1132 4022; x_wconf 90' lang='lat' dir='ltr'><strong>cum</strong></span> <span class='ocrx_word' id='word_1_262' title='bbox 1154 3976 1225 4022; x_wconf 87' lang='lat' dir='ltr'><strong>mea</strong></span> 
     </span>
     <span class='ocr_line' id='line_1_35' title="bbox 189 4057 1223 4156; baseline -0.009 -24"><span class='ocrx_word' id='word_1_263' title='bbox 189 4068 328 4149; x_wconf 80' lang='lat' dir='ltr'><strong>quidem¹</strong></span> <span class='ocrx_word' id='word_1_264' title='bbox 347 4067 508 4132; x_wconf 90' lang='lat' dir='ltr'><strong>sententia</strong></span> <span class='ocrx_word' id='word_1_265' title='bbox 542 4066 634 4156; x_wconf 74' lang='lat' dir='ltr'><strong>baud</strong></span> <span class='ocrx_word' id='word_1_266' title='bbox 656 4066 790 4148; x_wconf 88' lang='lat' dir='ltr'><strong>perinde</strong></span> <span class='ocrx_word' id='word_1_267' title='bbox 821 4101 863 4111; x_wconf 91' lang='lat'>-</span> <span class='ocrx_word' id='word_1_268' title='bbox 896 4057 996 4145; x_wconf 80' lang='lat' dir='ltr'><strong>quam‘</strong></span> <span class='ocrx_word' id='word_1_269' title='bbox 1029 4059 1108 4126; x_wconf 89' lang='lat' dir='ltr'><strong>nibil</strong></span> <span class='ocrx_word' id='word_1_270' title='bbox 1136 4060 1223 4124; x_wconf 90' lang='lat' dir='ltr'><strong>aliud</strong></span> 
     </span>
     <span class='ocr_line' id='line_1_36' title="bbox 190 4163 1225 4265; baseline -0.009 -26"><span class='ocrx_word' id='word_1_271' title='bbox 190 4173 234 4241; x_wconf 91' lang='lat' dir='ltr'><strong>sit</strong></span> <span class='ocrx_word' id='word_1_272' title='bbox 256 4190 293 4237; x_wconf 89' lang='lat' dir='ltr'><strong>ac</strong></span> <span class='ocrx_word' id='word_1_273' title='bbox 318 4189 387 4265; x_wconf 75' lang='lat' dir='ltr'><strong>pon</strong></span> <span class='ocrx_word' id='word_1_274' title='bbox 409 4176 476 4236; x_wconf 90' lang='lat' dir='ltr'><strong>tarn</strong></span> <span class='ocrx_word' id='word_1_275' title='bbox 498 4206 540 4218; x_wconf 94' lang='lat'><em>-</em></span> <span class='ocrx_word' id='word_1_276' title='bbox 561 4163 675 4253; x_wconf 73' lang='lat' dir='ltr'><strong>quarn,</strong></span> <span class='ocrx_word' id='word_1_277' title='bbox 707 4174 744 4238; x_wconf 92' lang='lat' dir='ltr'><strong>ut</strong></span> <span class='ocrx_word' id='word_1_278' title='bbox 765 4167 861 4234; x_wconf 83' lang='lat' dir='ltr'><strong>facile</strong></span> <span class='ocrx_word' id='word_1_279' title='bbox 882 4165 1029 4249; x_wconf 80' lang='lat' dir='ltr'><strong>cognosci</strong></span> <span class='ocrx_word' id='word_1_280' title='bbox 1050 4169 1157 4247; x_wconf 87' lang='lat' dir='ltr'><strong>potest</strong></span> <span class='ocrx_word' id='word_1_281' title='bbox 1185 4181 1225 4230; x_wconf 81' lang='lat' dir='ltr'><strong>ex</strong></span> 
     </span>
    </p>
   </div>
   <div class='ocr_carea' id='block_1_3' title="bbox 0 0 1560 5159">
    <p class='ocr_par' dir='ltr' id='par_1_5' title="bbox 0 0 1560 5159">
     <span class='ocr_line' id='line_1_37' title="bbox 0 0 1560 5159; baseline 0 0"><span class='ocrx_word' id='word_1_282' title='bbox 0 0 1560 5159; x_wconf 95' lang='lat' dir='ltr'><strong> </strong></span> 
     </span>
    </p>
   </div>
  </div>
 </body>
</html>
