3109 5159
597 532 788 598 ..7-

173 702 316 783 indocte,
334 703 457 783 stulte,
480 703 667 784 meretricie,
688 703 853 783 lubenter,
885 703 1070 784 euscheme,
1099 704 1209 785 amice,

172 806 385 887 familiariter,
401 808 572 886 commode,
587 806 808 886 somniculose,
820 806 996 887 auspicato,
1012 806 1087 884 cito,
1103 805 1208 884 aliter,

173 928 274 989 secus,
309 909 416 988 etiam,
446 909 531 988 dum,
567 909 633 988 diu,
663 909 793 988 dudum,
823 909 942 991 magis,
965 908 1087 987 minus,
1117 909 1210 989 satis,

174 1030 282 1093 aeque,
305 1013 361 1091 ita,
385 1012 441 1091 sic,
463 1030 568 1092 saepe,
593 1010 852 1098 clamsusquam,
874 1005 967 1076 nihil‘
1004 1010 1127 1088 Quibus
1149 1012 1207 1075 sd·

174 1113 293 1180 uerbiis
315 1114 518 1195 adiungenda
547 1119 622 1179 sunt
651 1112 857 1179 substantioe
889 1107 982 1203 ‚doio‘
1009 1117 1064 1192 (=
1085 1113 1208 1197 dolose)

173 1224 206 1281 et
230 1217 276 1306 ‚ab
298 1212 351 1282 re‘.

257 1318 330 1384 Jam
353 1325 556 1384 transeamus
585 1321 628 1384 ad
655 1318 772 1399 uerba,
802 1336 884 1400 quae
911 1317 991 1383 haec
1020 1316 1086 1383 iere
1116 1324 1207 1384 sunt:

175 1439 341 1509 accusare,
372 1421 484 1501 celare,
516 1421 691 1500 dehortari,
722 1422 879 1501 deridere,
912 1421 999 1500 dare,
1022 1420 1207 1500 dormitare,

171 1522 329 1604 dubitare,
351 1522 468 1604 fatisci,
491 1523 612 1608 ingere,
635 1525 809 1603 interesse,
836 1524 1058 1603 intermittere,
1081 1524 1208 1603 morari,

170 1630 304 1705 mutare,
326 1627 460 1707 nescire,
490 1627 582 1707 nolle,
605 1628 718 1708 perire,
741 1645 899 1706 recusare,
921 1626 1102 1707 repudiare,
1123 1626 1207 1691 desi-

170 1729 294 1806 derare,
315 1729 459 1810 reticere,
475 1731 617 1810 sordere,
638 1748 798 1811 spernere,
824 1729 938 1809 sinere,
961 1728 1116 1808 desinere,
1137 1726 1207 1809 pla·

158 1837 250 1910 ‘cera
273 1831 383 1910 solere,
406 1833 520 1924 uereri,
542 1838 693 1911 metuere,
708 1832 796 1913 licet,
818 1832 919 1912 decet,
942 1832 1103 1912 condecet,
1126 1850 1208 1912 opus

169 1939 228 2013 est,
251 1937 409 2015 conuenit,
430 1936 605 2018 periculum
629 1927 697 2001 est‘.

254 2036 416 2119 Exemplis
426 2038 538 2103 horum
547 2038 717 2103 uerborum
727 2037 836 2103 allatis
847 2034 1071 2118 Sigismuudus
1082 2054 1208 2101 enume

168 2143 221 2203 rat
239 2140 326 2220 talia,
349 2140 457 2222 qualia
473 2146 548 2206 sunt
573 2140 720 2229 postulo,
743 2139 827 2219 uolo,
849 2139 925 2220 scio,
938 2158 1045 2219 nosco,
1067 2157 1207 2221 possum,

167 2235 275 2321 queo‘,
305 2242 420 2324 quibus
455 2244 547 2326 quasi
561 2253 564 2260 “
578 2244 801 2315 transitionem
832 2239 915 2307 effici
946 2248 1041 2324 putat
1071 2241 1111 2306 ab
1142 2241 1208 2307 illis

166 2342 335 2425 exemplis,
374 2346 489 2428 quibus
522 2339 632 2434 ‚haud‘
666 2345 710 2410 ad
738 2345 865 2427 singula
893 2349 1019 2409 tantum
1048 2343 1205 2409 uocabula

166 2446 316 2526 pertinet,
334 2448 376 2511 ad
392 2468 440 2527 ea,
463 2449 578 2530 quibus
595 2453 697 2513 totum
713 2449 914 2514 enuntiatum
933 2448 1063 2512 uidetur
1083 2447 1204 2527 negari.
1251 2439 1252 2442 ’

168 2545 231 2611 Sed
254 2547 293 2613 de
315 2549 376 2616 hac
397 2571 432 2616 re
454 2570 525 2616 mea
547 2550 675 2633 quidem
698 2551 859 2616 sententia
881 2549 1023 2615 dubitari
1044 2553 1160 2631 potest.

250 2652 303 2716 Ad
320 2660 499 2719 'extremum
528 2654 561 2718 in
584 2655 654 2719 eius
676 2654 905 2719 dissertatione
926 2652 1106 2718 inuenimus
1128 2671 1203 2717 enu-

165 2761 304 2820 meratos
326 2775 380 2822 eos
403 2755 498 2837 locos,
521 2756 636 2838 quibus
663 2749 763 2845 ‚haud‘
790 2757 893 2838 magis
915 2757 958 2820 ad
980 2760 1083 2820 totum
1105 2773 1203 2819 enun-

166 2853 283 2920 tiatum
320 2875 414 2939 quam
455 2861 497 2924 ad
528 2858 672 2941 singulas
702 2859 849 2924 notiones
885 2859 1015 2925 uidetur
1043 2858 1204 2939 pertinere

166 2977 310 3041 quosque
339 2965 446 3026 tamen
477 2962 541 3044 legi
570 2980 657 3040 suae,
693 2956 800 3050 ‚haud‘
834 2978 996 3042 nunquam
1025 2958 1093 3025 fere
1115 2959 1203 3024 aliud

165 3059 267 3126 fuisse
282 3080 320 3127 ac
335 3064 422 3143 quod
434 3082 493 3129 nos
510 3064 645 3130 dicimus
657 3064 951 3146 „Wortnegation“,
970 3063 1204 3129 accommodari

165 3182 261 3244 posse
283 3173 369 3230 recte
390 3166 520 3232 iudicat.
555 3167 678 3244 Quibus
700 3166 854 3248 exemplis
878 3167 998 3232 adiecit
1016 3185 1064 3246 ea,
1087 3165 1202 3246 quibus

168 3259 269 3353 ,haud‘
286 3268 427 3347 positum
450 3274 501 3334 est
522 3269 554 3334 in
570 3270 740 3349 antithesi3
763 3290 859 3352 porro
874 3289 922 3349 ea,
944 3287 1026 3351 quae
1040 3269 1088 3335 ita
1102 3270 1202 3334 inter·

165 3369 325 3447 pretanda
341 3389 412 3436 esse
431 3378 548 3452 censet,
570 3379 735 3454 tamquam
749 3392 801 3438 res
816 3373 999 3439 contineant
1015 3372 1203 3452 contrarios,
1278 3445 1279 3448 Ἴ

165 3469 301 3551 denique
323 3490 371 3553 ea,
392 3474 509 3555 quibus
534 3469 635 3565 paud
661 3475 818 3555 absolute,
840 3480 878 3541 ut
899 3494 958 3541 nos
977 3475 1124 3556 dicimus,
1145 3494 1201 3556 po·

165 3572 262 3636 situm
284 3580 343 3639 est

251 3675 383 3744 Maximi
415 3699 492 3744 uero
525 3682 678 3746 momenti
708 3682 751 3745 ad
780 3678 971 3747 fulciendam
1003 3679 1201 3761 Sigismundi

165 3780 366 3864 sententiam,
389 3800 426 3848 ex
448 3802 512 3865 qua
538 3778 645 3873 ‚haud‘
671 3784 759 3866 apud
781 3784 904 3865 priscos
925 3783 1098 3865 scriptores
1120 3801 1200 3848 nun·

164 3900 260 3963 quam
274 3884 408 3948 eandem
431 3887 496 3950 uim
519 3887 616 3952 habet
638 3905 676 3952 ac
693 3887 823 3968 negatio
838 3884 961 3952 Graeca
982 3880 1037 3971 μή,
1058 3885 1119 3951 hoc
1141 3892 1200 3965 est,

165 3986 251 4066 quod
265 4005 426 4068 nunquam
441 3987 508 4053 fere
524 3994 660 4071 apparet
680 3990 713 4053 in
735 3989 904 4054 sententiis
921 3988 1200 4068 condicionalibus

164 4088 377 4155 consecutiuis
405 4091 539 4173 aliisque
571 4091 685 4158 similis
716 4091 920 4172 condicionis
947 4091 1199 4174 interrogatiuis,

164 4190 321 4273 relatiuis,
342 4191 526 4276 infinitiuis;
557 4195 586 4262 si
615 4214 693 4261 uero
720 4196 754 4261 in
783 4195 836 4262 his
857 4194 1032 4261 enuntiatis
1053 4204 1198 4278 apparet,
