3109 5159
752 467 965 533 ..22-

339 641 383 705 rit
393 639 510 707 locutio
525 640 610 730 lraut
620 638 718 705 sciam
733 634 776 704 an'·
794 639 826 704 in
838 638 976 722 epistula
987 637 1192 720 imperatoris
1203 638 1376 704 Theodosii

340 743 424 808 inter
439 744 572 809 Ausonii
587 761 683 825 opera
697 746 854 821 exstante,
876 743 991 807 utiam
1008 760 1105 823 supra
1120 742 1375 806 commemoraui.

425 841 524 910 Paulo
547 846 675 926 saepius
704 844 787 909 banc
814 845 1006 926 particulam
1028 844 1243 908 adhibuerunt
1263 843 1377 923 Dictys

341 947 502 1014 Cretensis
516 947 571 1030 qui
586 945 774 1024 nominatur,
792 945 1009 1029 Symmachus,
1023 943 1377 1010 Ammianus'Marcelli-

341 1066 409 1129 nus,
438 1048 635 1130 Ambrosius,
660 1047 867 1130 Hegesippus
892 1049 946 1130 qui
975 1054 1116 1128 uocatur,
1145 1047 1376 1129 Hieronymus;

340 1169 442 1235 neque
470 1153 504 1217 id
534 1151 668 1230 mirum,
699 1151 726 1215 si
748 1151 988 1216 consideramus
1008 1154 1164 1227 auctores,
1186 1165 1321 1229 quorum
1344 1147 1376 1210 in

341 1272 484 1319 sermone
507 1271 565 1319 sun
587 1253 755 1320 excolendo
777 1253 915 1335 uestigia
936 1256 1131 1334 presserunt.
1168 1252 1250 1317 Nam
1264 1250 1379 1331 Dictys

342 1356 502 1422 Cretensis
532 1357 565 1421 in
587 1354 796 1420 translatione
826 1373 884 1419 sua
911 1355 1121 1425 locutionibus
1152 1371 1190 1418 ex
1210 1351 1379 1434 permultis

341 1457 550 1538 scriptoribus
573 1458 719 1539 repetitis
742 1476 820 1523 usus
842 1462 908 1536 est3
939 1475 1034 1539 quam
1064 1457 1104 1522 ob
1128 1476 1193 1521 rem
1215 1453 1309 1520 facile
1330 1453 1378 1517 in·

341 1560 450 1641 tellegi
472 1564 594 1642 potest,
626 1579 696 1625 eum
721 1561 818 1625 etiam
849 1560 881 1624 in
905 1560 999 1624 huius
1022 1559 1171 1625 uocabuli
1192 1575 1253 1622 usu
1276 1574 1336 1619 non
1359 1574 1380 1618 a

276 1666 277 1670 ’
341 1662 500 1743 prioribus
531 1662 740 1744 scriptoribus
772 1662 909 1726 differre.
954 1662 1006 1726 Sic
1018 1631 1171 1742 'egimus
1199 1658 1286 1740 apud
1308 1676 1380 1721 eum

342 1764 478 1844 exempli
499 1765 605 1844 gretia
627 1764 797 1845 aliquoties
833 1757 935 1852 ²baud<
971 1765 1173 1829 coniunctum
1206 1778 1277 1826 cum
1304 1758 1379 1824 sub·

342 1866 493 1931 stantiuis
523 1867 635 1933 addita
657 1867 891 1949 praepositione
917 1861 993 1953 ‚sine‘
1027 1865 1129 1946 (baud
1150 1865 1219 1929 sine
1240 1860 1380 1941 consilio,

342 1968 411 2034 sine
433 1984 547 2046 magno
569 1969 700 2051 gemitu,
724 1968 853 2047 exitio);
877 1967 958 2033 tales
981 1973 1089 2031 autern
1111 1967 1286 2031 locutiones
1308 1980 1378 2028 curn

342 2070 453 2135 Liuius
474 2071 596 2152 primus
618 2076 715 2153 atque
737 2070 825 2136 solus
846 2068 912 2135 fere
934 2069 1135 2151 adhibuerit,
1166 2086 1228 2132 non
1258 2065 1379 2144 dubito,

343 2173 418 2254 quiu
440 2172 553 2254 Dictys
582 2173 642 2238 hac
673 2176 706 2238 in
737 2191 874 2237 re0eum
904 2172 1050 2236 imitatus
1079 2172 1131 2235 sit.
1175 2171 1266 2234 Idem
1287 2166 1381 2232 facile

343 2275 554 2341 demonstrari
568 2280 675 2356 potest
690 2274 722 2338 iu
738 2273 870 2354 reliquis
886 2273 1058 2354 uocabulis,
1074 2274 1213 2353 adquae
1232 2269 1379 2352 neganda

348 2370 449 2466 ‚baud‘
476 2378 645 2459 usurpauit
673 2375 799 2459 (facile,
828 2375 967 2453 frustra,
999 2376 1106 2456 longe,
1128 2375 1237 2452 multo,
1259 2370 1380 2455 procul,

345 2478 483 2557 segnius,
511 2479 650 2561 alienus,
680 2484 854 2557 contentus,
885 2478 1064 2559 dissimilis,
1096 2495 1215 2558 expers,
1246 2476 1380 2554 integer,

343 2580 434 2658 liber,
464 2579 593 2662 multus,
624 2582 736 2660 miucr,
769 2582 981 2658 necessarius,
1014 2580 1196 2654 condolere,
1225 2577 1379 2654 credere).

344 2682 455 2763 Neque
477 2681 572 2747 aliter
593 2703 645 2749 res
667 2684 822 2749 sehabet
851 2683 882 2747 in
905 2683 996 2747 libris
1019 2680 1209 2764 Symmachi,
1236 2679 1292 2759 qui
1314 2696 1379 2740 orn-

345 2784 419 2848 nino
451 2783 521 2846 12ίθ8
543 2784 602 2851 hoc
634 2785 790 2851 uocabulo
817 2803 895 2850 usus
931 2791 980 2850 est
1010 2785 1154 2862 (dudum,
1184 2783 1248 2861 ita,
1277 2780 1380 2860 longe,

345 2885 546 2952 mediocriter
575 2906 712 2969 aequus,
742 2889 879 2969 multus,
911 2888 1046 2969 iniquus
1068 2888 1245 2969 quisquam,
1269 2882 1380 2961 uereri,

345 2988 450 3067 scire).
472 3024 515 3035 -
545 2988 696 3070 Sequitur
726 2990 911 3055 Ammianus
943 2989 1162 3074 Marcellinus
1192 2987 1281 3053 cuius
1305 3002 1381 3049 usus

345 3089 440 3154 huius
455 3091 602 3157 uocabuli
623 3097 711 3158 totus
732 3094 760 3159 is
783 3096 841 3172 est,
864 3110 957 3172 quem
980 3091 1065 3171 apud
1082 3090 1206 3155 Liuium
1229 3088 1380 3168 reliquos·

345 3208 407 3271 que
427 3191 764 3275 historicos'uidimus,
788 3195 934 3277 quamuis
958 3192 1179 3271 tenuissimus,
1213 3209 1285 3254 nam
1308 3206 1380 3252 eum

346 3292 514 3358 adiectiuis
529 3296 716 3379 plerumque
738 3303 771 3363 et
794 3294 956 3362 aduerblis
978 3296 1010 3359 in
1033 3294 1093 3359 hac
1115 3313 1149 3361 re
1164 3291 1381 3358 usitatissimis

351 3389 452 3484 ‚haud‘
478 3398 640 3465 coniunxit
655 3399 800 3483 (dudum,
822 3398 870 3462 ita
892 3398 1022 3477 dudum,
1045 3398 1109 3476 diu,
1132 3395 1264 3474 tamdiu,
1279 3394 1381 3473 longe,

345 3497 479 3579 longius
500 3502 610 3582 multo,
631 3501 752 3583 procul,
775 3501 894 3582 dispar,
916 3500 1016 3579 exilis,
1039 3500 1181 3580 exiguus,
1203 3497 1292 3574 leuis,
1314 3494 1379 3559 lon·

346 3617 415 3682 gus,
437 3600 547 3680 minor,
577 3603 674 3685 mitis,
701 3621 832 3684 paruus,
864 3603 1015 3684 paucus),
1044 3601 1140 3667 semel
1163 3607 1286 3665 tantum
1309 3616 1381 3664 cum

347 3703 444 3768 uerbo
487 3705 589 3786 (haud
628 3706 871 3787 aspernandus).
928 3703 1039 3785 Neque
1082 3704 1255 3784 quidquam
1292 3700 1381 3764 aliud

346 3805 516 3870 dicendum
535 3812 588 3873 ‚est
610 3809 651 3872 de
665 3807 844 3887 Ambrosio,
868 3806 921 3886 qui
944 3806 1155 3871 locutionibus
1177 3804 1239 3870 illis
1262 3803 1381 3883 saepis-

345 3908 423 3973 sime
439 3928 458 3973 a
473 3909 682 3990 scriptoribus
697 3908 852 3973 adhibitis
871 3927 949 3973 usus
969 3911 1019 3973 est
1033 3909 1130 3990 idque
1146 3926 1205 3971 non
1222 3906 1268 3970 ita
1285 3922 1382 3984 saepe

346 4010 468 4091 (dubie,
489 4009 591 4092 facilc,
614 4009 752 4090 difficile,
775 4010 909 4091 inutilis,
931 4012 1074 4092 exiguus,
1097 4009 1208 4087 facilis,
1225 4005 1381 4087 ignobilis,

346 4112 542 4193 infecundus,
565 4111 712 4193 difficilis,
734 4114 880 4195 degener,
904 4114 1059 4193 dubitare,
1082 4113 1185 4191 scire).
1244 4180 1247 4186 ,
