<?xml version="1.0" encoding="UTF-8"?>
<!DOCTYPE html PUBLIC "-//W3C//DTD XHTML 1.0 Transitional//EN"
    "http://www.w3.org/TR/xhtml1/DTD/xhtml1-transitional.dtd">
<html xmlns="http://www.w3.org/1999/xhtml" xml:lang="en" lang="en">
 <head>
  <title>
</title>
<meta http-equiv="Content-Type" content="text/html;charset=utf-8" />
  <meta name='ocr-system' content='tesseract 3.04.00' />
  <meta name='ocr-capabilities' content='ocr_page ocr_carea ocr_par ocr_line ocrx_word'/>
</head>
<body>
  <div class='ocr_page' id='page_1' title='image "./dehaudethaudqua01plangoog_0020.png"; bbox 0 0 3109 5159; ppageno 0'>
   <div class='ocr_carea' id='block_1_1' title="bbox 747 481 958 548">
    <p class='ocr_par' dir='ltr' id='par_1_1' title="bbox 747 481 958 548">
     <span class='ocr_line' id='line_1_1' title="bbox 747 481 958 548; baseline -0.009 -19"><span class='ocrx_word' id='word_1_1' title='bbox 747 481 958 548; x_wconf 70' lang='grc'><strong>..14-</strong></span> 
     </span>
    </p>
   </div>
   <div class='ocr_carea' id='block_1_2' title="bbox 338 649 1391 3911">
    <p class='ocr_par' dir='ltr' id='par_1_2' title="bbox 338 649 1380 1551">
     <span class='ocr_line' id='line_1_2' title="bbox 338 649 1376 735; baseline -0.005 -16"><span class='ocrx_word' id='word_1_2' title='bbox 338 653 467 735; x_wconf 92' lang='lat' dir='ltr'>ponium</span> <span class='ocrx_word' id='word_1_3' title='bbox 496 652 613 722; x_wconf 89' lang='lat' dir='ltr'>Melam</span> <span class='ocrx_word' id='word_1_4' title='bbox 642 655 675 717; x_wconf 91' lang='lat' dir='ltr'>et</span> <span class='ocrx_word' id='word_1_5' title='bbox 699 652 940 731; x_wconf 82' lang='lat' dir='ltr'>Quintilianum.</span> <span class='ocrx_word' id='word_1_6' title='bbox 993 649 1091 715; x_wconf 88' lang='lat' dir='ltr'>Plane</span> <span class='ocrx_word' id='word_1_7' title='bbox 1113 651 1315 716; x_wconf 87' lang='lat' dir='ltr'>desideratur</span> <span class='ocrx_word' id='word_1_8' title='bbox 1343 650 1376 714; x_wconf 95' lang='lat' dir='ltr'>in</span> 
     </span>
     <span class='ocr_line' id='line_1_3' title="bbox 340 753 1377 836; baseline -0.004 -15"><span class='ocrx_word' id='word_1_9' title='bbox 340 755 478 824; x_wconf 79' lang='lat' dir='ltr'>Senecae</span> <span class='ocrx_word' id='word_1_10' title='bbox 492 756 621 836; x_wconf 85' lang='lat' dir='ltr'>scriptis</span> <span class='ocrx_word' id='word_1_11' title='bbox 639 755 679 819; x_wconf 93' lang='lat' dir='ltr'>ad</span> <span class='ocrx_word' id='word_1_12' title='bbox 702 754 934 836; x_wconf 80' lang='lat' dir='ltr'>philosophiam</span> <span class='ocrx_word' id='word_1_13' title='bbox 954 753 1184 834; x_wconf 78' lang='lat' dir='ltr'>spectantibus,</span> <span class='ocrx_word' id='word_1_14' title='bbox 1202 772 1273 819; x_wconf 86' lang='lat' dir='ltr'>cunr</span> <span class='ocrx_word' id='word_1_15' title='bbox 1292 754 1377 818; x_wconf 90' lang='lat' dir='ltr'>idem</span> 
     </span>
     <span class='ocr_line' id='line_1_4' title="bbox 341 855 1378 939; baseline -0.003 -17"><span class='ocrx_word' id='word_1_16' title='bbox 341 856 481 939; x_wconf 84' lang='lat' dir='ltr'>scriptor</span> <span class='ocrx_word' id='word_1_17' title='bbox 502 858 535 922; x_wconf 96' lang='lat' dir='ltr'>in</span> <span class='ocrx_word' id='word_1_18' title='bbox 558 858 733 938; x_wconf 91' lang='lat' dir='ltr'>tragoediis</span> <span class='ocrx_word' id='word_1_19' title='bbox 755 858 823 921; x_wconf 91' lang='lat' dir='ltr'>suis</span> <span class='ocrx_word' id='word_1_20' title='bbox 846 875 915 921; x_wconf 89' lang='lat' dir='ltr'>eam</span> <span class='ocrx_word' id='word_1_21' title='bbox 932 856 1103 921; x_wconf 84' lang='lat' dir='ltr'>admodum</span> <span class='ocrx_word' id='word_1_22' title='bbox 1118 855 1299 937; x_wconf 87' lang='lat' dir='ltr'>frequenter</span> <span class='ocrx_word' id='word_1_23' title='bbox 1321 858 1378 920; x_wconf 89' lang='lat' dir='ltr'>ad·</span> 
     </span>
     <span class='ocr_line' id='line_1_5' title="bbox 342 957 1377 1040; baseline -0.004 -17"><span class='ocrx_word' id='word_1_24' title='bbox 342 959 491 1039; x_wconf 86' lang='lat' dir='ltr'>hibuerit,</span> <span class='ocrx_word' id='word_1_25' title='bbox 514 960 583 1025; x_wconf 90' lang='lat' dir='ltr'>siue</span> <span class='ocrx_word' id='word_1_26' title='bbox 598 965 726 1024; x_wconf 88' lang='lat' dir='ltr'>secutus</span> <span class='ocrx_word' id='word_1_27' title='bbox 743 959 865 1039; x_wconf 88' lang='lat' dir='ltr'>priscos</span> <span class='ocrx_word' id='word_1_28' title='bbox 881 965 1001 1040; x_wconf 84' lang='lat' dir='ltr'>poetas,</span> <span class='ocrx_word' id='word_1_29' title='bbox 1018 958 1087 1022; x_wconf 90' lang='lat' dir='ltr'>siue</span> <span class='ocrx_word' id='word_1_30' title='bbox 1102 957 1262 1035; x_wconf 85' lang='lat' dir='ltr'>Ouidium,</span> <span class='ocrx_word' id='word_1_31' title='bbox 1285 975 1377 1038; x_wconf 88' lang='lat' dir='ltr'>quern</span> 
     </span>
     <span class='ocr_line' id='line_1_6' title="bbox 344 1060 1379 1141; baseline -0.002 -16"><span class='ocrx_word' id='word_1_32' title='bbox 344 1066 377 1125; x_wconf 88' lang='lat' dir='ltr'>et</span> <span class='ocrx_word' id='word_1_33' title='bbox 399 1060 481 1126; x_wconf 91' lang='lat' dir='ltr'>alias</span> <span class='ocrx_word' id='word_1_34' title='bbox 503 1067 665 1125; x_wconf 81' lang='lat' dir='ltr'>auctorem</span> <span class='ocrx_word' id='word_1_35' title='bbox 688 1060 853 1141; x_wconf 85' lang='lat' dir='ltr'>amplexus</span> <span class='ocrx_word' id='word_1_36' title='bbox 884 1069 942 1125; x_wconf 89' lang='lat' dir='ltr'>est.</span> <span class='ocrx_word' id='word_1_37' title='bbox 987 1060 1087 1124; x_wconf 91' lang='lat' dir='ltr'>Porro</span> <span class='ocrx_word' id='word_1_38' title='bbox 1109 1060 1201 1124; x_wconf 90' lang='lat' dir='ltr'>deest</span> <span class='ocrx_word' id='word_1_39' title='bbox 1221 1060 1255 1123; x_wconf 93' lang='lat' dir='ltr'>in</span> <span class='ocrx_word' id='word_1_40' title='bbox 1278 1060 1379 1140; x_wconf 86' lang='lat' dir='ltr'>scrip·</span> 
     </span>
     <span class='ocr_line' id='line_1_7' title="bbox 343 1159 1380 1243; baseline -0.005 -15"><span class='ocrx_word' id='word_1_41' title='bbox 343 1163 387 1230; x_wconf 86' lang='lat' dir='ltr'>tis</span> <span class='ocrx_word' id='word_1_42' title='bbox 404 1163 544 1243; x_wconf 84' lang='lat' dir='ltr'>Asconii,</span> <span class='ocrx_word' id='word_1_43' title='bbox 566 1164 720 1242; x_wconf 86' lang='lat' dir='ltr'>Frontini,</span> <span class='ocrx_word' id='word_1_44' title='bbox 743 1163 841 1228; x_wconf 90' lang='lat' dir='ltr'>Plinii</span> <span class='ocrx_word' id='word_1_45' title='bbox 863 1163 1047 1243; x_wconf 80' lang='lat' dir='ltr'>minoris1),</span> <span class='ocrx_word' id='word_1_46' title='bbox 1070 1162 1168 1226; x_wconf 89' lang='lat' dir='ltr'>Annii</span> <span class='ocrx_word' id='word_1_47' title='bbox 1183 1161 1281 1239; x_wconf 87' lang='lat' dir='ltr'>Flori,</span> <span class='ocrx_word' id='word_1_48' title='bbox 1298 1159 1380 1224; x_wconf 91' lang='lat' dir='ltr'>Velii</span> 
     </span>
     <span class='ocr_line' id='line_1_8' title="bbox 342 1259 1378 1347; baseline -0.002 -19"><span class='ocrx_word' id='word_1_49' title='bbox 342 1265 453 1346; x_wconf 92' lang='lat' dir='ltr'>Longi,</span> <span class='ocrx_word' id='word_1_50' title='bbox 475 1265 594 1347; x_wconf 82' lang='lat' dir='ltr'>Hygini</span> <span class='ocrx_word' id='word_1_51' title='bbox 614 1265 792 1347; x_wconf 80' lang='lat' dir='ltr'>gramatici,</span> <span class='ocrx_word' id='word_1_52' title='bbox 815 1265 919 1343; x_wconf 83' lang='lat' dir='ltr'>Balbi,</span> <span class='ocrx_word' id='word_1_53' title='bbox 943 1263 1043 1329; x_wconf 90' lang='lat' dir='ltr'>Siculi</span> <span class='ocrx_word' id='word_1_54' title='bbox 1064 1259 1203 1329; x_wconf 76' lang='lat' dir='ltr'>Flacci·</span> <span class='ocrx_word' id='word_1_55' title='bbox 1230 1263 1293 1328; x_wconf 86' lang='lat' dir='ltr'>Sed</span> <span class='ocrx_word' id='word_1_56' title='bbox 1308 1263 1378 1327; x_wconf 91' lang='lat' dir='ltr'>iam</span> 
     </span>
     <span class='ocr_line' id='line_1_9' title="bbox 345 1364 1380 1449; baseline -0.005 -17"><span class='ocrx_word' id='word_1_57' title='bbox 345 1386 435 1432; x_wconf 89' lang='lat' dir='ltr'>usum</span> <span class='ocrx_word' id='word_1_58' title='bbox 469 1387 576 1433; x_wconf 90' lang='lat' dir='ltr'>eorum</span> <span class='ocrx_word' id='word_1_59' title='bbox 599 1369 791 1449; x_wconf 87' lang='lat' dir='ltr'>scriptorum</span> <span class='ocrx_word' id='word_1_60' title='bbox 814 1367 909 1432; x_wconf 88' lang='lat' dir='ltr'>huius</span> <span class='ocrx_word' id='word_1_61' title='bbox 931 1368 1058 1446; x_wconf 74' lang='lat' dir='ltr'>aetatis</span> <span class='ocrx_word' id='word_1_62' title='bbox 1092 1368 1175 1447; x_wconf 91' lang='lat' dir='ltr'>apud</span> <span class='ocrx_word' id='word_1_63' title='bbox 1198 1383 1277 1447; x_wconf 92' lang='lat' dir='ltr'>quos</span> <span class='ocrx_word' id='word_1_64' title='bbox 1299 1364 1380 1428; x_wconf 90' lang='lat' dir='ltr'>hanc</span> 
     </span>
     <span class='ocr_line' id='line_1_10' title="bbox 343 1469 1177 1551; baseline -0.001 -18"><span class='ocrx_word' id='word_1_65' title='bbox 343 1469 544 1551; x_wconf 89' lang='lat' dir='ltr'>negationem</span> <span class='ocrx_word' id='word_1_66' title='bbox 568 1471 758 1549; x_wconf 88' lang='lat' dir='ltr'>inuenimus,</span> <span class='ocrx_word' id='word_1_67' title='bbox 784 1470 926 1535; x_wconf 90' lang='lat' dir='ltr'>breuiter</span> <span class='ocrx_word' id='word_1_68' title='bbox 948 1469 1177 1535; x_wconf 86' lang='lat' dir='ltr'>describamus.</span> 
     </span>
    </p>

    <p class='ocr_par' dir='ltr' id='par_1_3' title="bbox 346 1568 1391 3911">
     <span class='ocr_line' id='line_1_11' title="bbox 430 1568 1381 1654; baseline -0.007 -17"><span class='ocrx_word' id='word_1_69' title='bbox 430 1572 492 1637; x_wconf 88' lang='lat' dir='ltr'>Hic</span> <span class='ocrx_word' id='word_1_70' title='bbox 507 1572 629 1654; x_wconf 90' lang='lat' dir='ltr'>primus</span> <span class='ocrx_word' id='word_1_71' title='bbox 645 1572 724 1637; x_wconf 92' lang='lat' dir='ltr'>mihi</span> <span class='ocrx_word' id='word_1_72' title='bbox 739 1573 1034 1637; x_wconf 88' lang='lat' dir='ltr'>commemorandus</span> <span class='ocrx_word' id='word_1_73' title='bbox 1049 1580 1098 1636; x_wconf 88' lang='lat' dir='ltr'>est</span> <span class='ocrx_word' id='word_1_74' title='bbox 1113 1570 1253 1635; x_wconf 86' lang='lat' dir='ltr'>Velleius</span> <span class='ocrx_word' id='word_1_75' title='bbox 1268 1568 1381 1632; x_wconf 88' lang='lat' dir='ltr'>Pater-</span> 
     </span>
     <span class='ocr_line' id='line_1_12' title="bbox 347 1671 1379 1757; baseline -0.006 -18"><span class='ocrx_word' id='word_1_76' title='bbox 347 1675 447 1754; x_wconf 91' lang='lat' dir='ltr'>culus,</span> <span class='ocrx_word' id='word_1_77' title='bbox 469 1675 524 1756; x_wconf 92' lang='lat' dir='ltr'>qui</span> <span class='ocrx_word' id='word_1_78' title='bbox 547 1675 629 1740; x_wconf 89' lang='lat' dir='ltr'>hanc</span> <span class='ocrx_word' id='word_1_79' title='bbox 651 1675 852 1755; x_wconf 91' lang='lat' dir='ltr'>negationem</span> <span class='ocrx_word' id='word_1_80' title='bbox 874 1675 1045 1757; x_wconf 89' lang='lat' dir='ltr'>usurpauit</span> <span class='ocrx_word' id='word_1_81' title='bbox 1067 1674 1237 1755; x_wconf 88' lang='lat' dir='ltr'>praecipue</span> <span class='ocrx_word' id='word_1_82' title='bbox 1259 1671 1302 1735; x_wconf 90' lang='lat' dir='ltr'>ad</span> <span class='ocrx_word' id='word_1_83' title='bbox 1324 1689 1379 1734; x_wconf 93' lang='lat' dir='ltr'>ne-</span> 
     </span>
     <span class='ocr_line' id='line_1_13' title="bbox 346 1773 1381 1857; baseline -0.004 -18"><span class='ocrx_word' id='word_1_84' title='bbox 346 1778 452 1857; x_wconf 88' lang='lat' dir='ltr'>ganda</span> <span class='ocrx_word' id='word_1_85' title='bbox 467 1778 628 1841; x_wconf 88' lang='lat' dir='ltr'>adiectiua</span> <span class='ocrx_word' id='word_1_86' title='bbox 650 1785 683 1842; x_wconf 90' lang='lat' dir='ltr'>et</span> <span class='ocrx_word' id='word_1_87' title='bbox 698 1777 862 1857; x_wconf 90' lang='lat' dir='ltr'>aduerbia,</span> <span class='ocrx_word' id='word_1_88' title='bbox 878 1778 975 1843; x_wconf 91' lang='lat' dir='ltr'>semel</span> <span class='ocrx_word' id='word_1_89' title='bbox 991 1783 1116 1841; x_wconf 91' lang='lat' dir='ltr'>tantum</span> <span class='ocrx_word' id='word_1_90' title='bbox 1133 1773 1297 1841; x_wconf 84' lang='lat' dir='ltr'>coniunxit</span> <span class='ocrx_word' id='word_1_91' title='bbox 1311 1792 1381 1837; x_wconf 92' lang='lat' dir='ltr'>cum</span> 
     </span>
     <span class='ocr_line' id='line_1_14' title="bbox 346 1878 1383 1962; baseline -0.004 -20"><span class='ocrx_word' id='word_1_92' title='bbox 346 1879 454 1944; x_wconf 91' lang='lat' dir='ltr'>uerbo.</span> <span class='ocrx_word' id='word_1_93' title='bbox 505 1879 670 1945; x_wconf 85' lang='lat' dir='ltr'>Vocabula</span> <span class='ocrx_word' id='word_1_94' title='bbox 696 1885 803 1944; x_wconf 87' lang='lat' dir='ltr'>autem</span> <span class='ocrx_word' id='word_1_95' title='bbox 835 1881 907 1962; x_wconf 91' lang='lat' dir='ltr'>ipsa</span> <span class='ocrx_word' id='word_1_96' title='bbox 935 1880 1045 1944; x_wconf 91' lang='lat' dir='ltr'>eadem</span> <span class='ocrx_word' id='word_1_97' title='bbox 1076 1878 1144 1944; x_wconf 87' lang='lat' dir='ltr'>iere</span> <span class='ocrx_word' id='word_1_98' title='bbox 1181 1884 1256 1943; x_wconf 91' lang='lat' dir='ltr'>sunt</span> <span class='ocrx_word' id='word_1_99' title='bbox 1286 1883 1383 1955; x_wconf 89' lang='lat' dir='ltr'>atque</span> 
     </span>
     <span class='ocr_line' id='line_1_15' title="bbox 346 1978 1382 2062; baseline -0.005 -17"><span class='ocrx_word' id='word_1_100' title='bbox 346 1987 460 2060; x_wconf 90' lang='lat' dir='ltr'>antea;</span> <span class='ocrx_word' id='word_1_101' title='bbox 482 1999 584 2062; x_wconf 94' lang='lat' dir='ltr'>neque</span> <span class='ocrx_word' id='word_1_102' title='bbox 605 1982 640 2045; x_wconf 92' lang='lat' dir='ltr'>id</span> <span class='ocrx_word' id='word_1_103' title='bbox 663 1982 787 2061; x_wconf 92' lang='lat' dir='ltr'>mirum,</span> <span class='ocrx_word' id='word_1_104' title='bbox 810 2001 881 2047; x_wconf 88' lang='lat' dir='ltr'>cum</span> <span class='ocrx_word' id='word_1_105' title='bbox 899 1982 1026 2046; x_wconf 91' lang='lat' dir='ltr'>omnino</span> <span class='ocrx_word' id='word_1_106' title='bbox 1050 1982 1142 2062; x_wconf 87' lang='lat' dir='ltr'>copia</span> <span class='ocrx_word' id='word_1_107' title='bbox 1157 1978 1382 2044; x_wconf 89' lang='lat' dir='ltr'>uocabulorum</span> 
     </span>
     <span class='ocr_line' id='line_1_16' title="bbox 347 2080 1384 2165; baseline -0.004 -18"><span class='ocrx_word' id='word_1_108' title='bbox 347 2089 384 2147; x_wconf 91' lang='lat' dir='ltr'>ut</span> <span class='ocrx_word' id='word_1_109' title='bbox 406 2084 454 2148; x_wconf 91' lang='lat' dir='ltr'>ita</span> <span class='ocrx_word' id='word_1_110' title='bbox 476 2084 579 2148; x_wconf 87' lang='lat' dir='ltr'>dicam</span> <span class='ocrx_word' id='word_1_111' title='bbox 603 2085 794 2165; x_wconf 91' lang='lat' dir='ltr'>scriptorum</span> <span class='ocrx_word' id='word_1_112' title='bbox 818 2103 934 2149; x_wconf 90' lang='lat' dir='ltr'>aureae</span> <span class='ocrx_word' id='word_1_113' title='bbox 956 2103 1038 2165; x_wconf 91' lang='lat' dir='ltr'>quae</span> <span class='ocrx_word' id='word_1_114' title='bbox 1060 2092 1194 2149; x_wconf 90' lang='lat' dir='ltr'>uocatur</span> <span class='ocrx_word' id='word_1_115' title='bbox 1209 2080 1384 2146; x_wconf 88' lang='lat' dir='ltr'>latinitatis</span> 
     </span>
     <span class='ocr_line' id='line_1_17' title="bbox 346 2182 1386 2267; baseline -0.004 -18"><span class='ocrx_word' id='word_1_116' title='bbox 346 2204 425 2250; x_wconf 89' lang='lat' dir='ltr'>usus</span> <span class='ocrx_word' id='word_1_117' title='bbox 454 2186 506 2251; x_wconf 89' lang='lat' dir='ltr'>sit.</span> <span class='ocrx_word' id='word_1_118' title='bbox 551 2186 660 2267; x_wconf 87' lang='lat' dir='ltr'>Neque</span> <span class='ocrx_word' id='word_1_119' title='bbox 682 2186 778 2251; x_wconf 89' lang='lat' dir='ltr'>aliter</span> <span class='ocrx_word' id='word_1_120' title='bbox 807 2206 859 2252; x_wconf 87' lang='lat' dir='ltr'>res</span> <span class='ocrx_word' id='word_1_121' title='bbox 892 2206 927 2253; x_wconf 91' lang='lat' dir='ltr'>se</span> <span class='ocrx_word' id='word_1_122' title='bbox 957 2187 1055 2252; x_wconf 91' lang='lat' dir='ltr'>habet</span> <span class='ocrx_word' id='word_1_123' title='bbox 1085 2188 1118 2251; x_wconf 92' lang='lat' dir='ltr'>in</span> <span class='ocrx_word' id='word_1_124' title='bbox 1150 2185 1242 2250; x_wconf 92' lang='lat' dir='ltr'>libris</span> <span class='ocrx_word' id='word_1_125' title='bbox 1264 2182 1386 2247; x_wconf 92' lang='lat' dir='ltr'>Valerii</span> 
     </span>
     <span class='ocr_line' id='line_1_18' title="bbox 348 2286 1385 2370; baseline -0.005 -18"><span class='ocrx_word' id='word_1_126' title='bbox 348 2288 490 2368; x_wconf 89' lang='lat' dir='ltr'>Maximi,</span> <span class='ocrx_word' id='word_1_127' title='bbox 516 2288 549 2352; x_wconf 95' lang='lat' dir='ltr'>in</span> <span class='ocrx_word' id='word_1_128' title='bbox 572 2288 687 2370; x_wconf 90' lang='lat' dir='ltr'>quibus</span> <span class='ocrx_word' id='word_1_129' title='bbox 707 2290 940 2355; x_wconf 87' lang='lat' dir='ltr'>usitatissimae</span> <span class='ocrx_word' id='word_1_130' title='bbox 963 2297 1088 2354; x_wconf 86' lang='lat' dir='ltr'>tantum</span> <span class='ocrx_word' id='word_1_131' title='bbox 1110 2288 1186 2353; x_wconf 89' lang='lat' dir='ltr'>illae</span> <span class='ocrx_word' id='word_1_132' title='bbox 1209 2286 1385 2351; x_wconf 90' lang='lat' dir='ltr'>locutiones</span> 
     </span>
     <span class='ocr_line' id='line_1_19' title="bbox 348 2387 1384 2482; baseline -0.005 -27"><span class='ocrx_word' id='word_1_133' title='bbox 348 2390 440 2455; x_wconf 91' lang='lat' dir='ltr'>nobis</span> <span class='ocrx_word' id='word_1_134' title='bbox 462 2398 643 2470; x_wconf 90' lang='lat' dir='ltr'>occurrunt,</span> <span class='ocrx_word' id='word_1_135' title='bbox 672 2391 783 2472; x_wconf 85' lang='lat' dir='ltr'>quales</span> <span class='ocrx_word' id='word_1_136' title='bbox 806 2403 882 2457; x_wconf 91' lang='lat' dir='ltr'>sunt</span> <span class='ocrx_word' id='word_1_137' title='bbox 906 2393 999 2482; x_wconf 66' lang='lat' dir='ltr'>‚haud</span> <span class='ocrx_word' id='word_1_138' title='bbox 1021 2393 1148 2475; x_wconf 89' lang='lat' dir='ltr'>dignus,</span> <span class='ocrx_word' id='word_1_139' title='bbox 1172 2407 1302 2472; x_wconf 91' lang='lat' dir='ltr'>paruus,</span> <span class='ocrx_word' id='word_1_140' title='bbox 1325 2387 1384 2451; x_wconf 89' lang='lat' dir='ltr'>du-</span> 
     </span>
     <span class='ocr_line' id='line_1_20' title="bbox 349 2489 1386 2577; baseline -0.005 -19"><span class='ocrx_word' id='word_1_141' title='bbox 349 2493 431 2572; x_wconf 91' lang='lat' dir='ltr'>bius,</span> <span class='ocrx_word' id='word_1_142' title='bbox 453 2492 561 2573; x_wconf 84' lang='lat' dir='ltr'>fallax,</span> <span class='ocrx_word' id='word_1_143' title='bbox 593 2494 717 2574; x_wconf 85' lang='lat' dir='ltr'>procul,</span> <span class='ocrx_word' id='word_1_144' title='bbox 749 2489 834 2559; x_wconf 85' lang='lat' dir='ltr'>scio‘.</span> <span class='ocrx_word' id='word_1_145' title='bbox 856 2532 898 2540; x_wconf 91' lang='lat'><em>-</em></span> <span class='ocrx_word' id='word_1_146' title='bbox 936 2497 1032 2577; x_wconf 88' lang='lat' dir='ltr'>Apud</span> <span class='ocrx_word' id='word_1_147' title='bbox 1057 2494 1237 2561; x_wconf 89' lang='lat' dir='ltr'>Cornelium</span> <span class='ocrx_word' id='word_1_148' title='bbox 1260 2491 1386 2557; x_wconf 86' lang='lat' dir='ltr'>Celsum</span> 
     </span>
     <span class='ocr_line' id='line_1_21' title="bbox 350 2591 1387 2685; baseline -0.003 -26"><span class='ocrx_word' id='word_1_149' title='bbox 350 2601 475 2660; x_wconf 88' lang='lat' dir='ltr'>tantum</span> <span class='ocrx_word' id='word_1_150' title='bbox 506 2601 613 2660; x_wconf 88' lang='lat' dir='ltr'>exstat</span> <span class='ocrx_word' id='word_1_151' title='bbox 644 2595 736 2685; x_wconf 71' lang='lat' dir='ltr'>‚haud</span> <span class='ocrx_word' id='word_1_152' title='bbox 759 2591 912 2677; x_wconf 80' lang='lat' dir='ltr'>omnin0‘3</span> <span class='ocrx_word' id='word_1_153' title='bbox 943 2597 1073 2663; x_wconf 86' lang='lat' dir='ltr'>Curtios</span> <span class='ocrx_word' id='word_1_154' title='bbox 1096 2595 1198 2661; x_wconf 85' lang='lat' dir='ltr'>Rufus</span> <span class='ocrx_word' id='word_1_155' title='bbox 1226 2595 1387 2660; x_wconf 91' lang='lat' dir='ltr'>uberrima</span> 
     </span>
     <span class='ocr_line' id='line_1_22' title="bbox 350 2697 1386 2781; baseline -0.002 -19"><span class='ocrx_word' id='word_1_156' title='bbox 350 2697 494 2779; x_wconf 82' lang='lat' dir='ltr'>exempla</span> <span class='ocrx_word' id='word_1_157' title='bbox 515 2698 658 2779; x_wconf 90' lang='lat' dir='ltr'>praebet,</span> <span class='ocrx_word' id='word_1_158' title='bbox 681 2698 797 2779; x_wconf 91' lang='lat' dir='ltr'>quibus</span> <span class='ocrx_word' id='word_1_159' title='bbox 812 2700 971 2781; x_wconf 90' lang='lat' dir='ltr'>imprimis</span> <span class='ocrx_word' id='word_1_160' title='bbox 994 2709 1069 2766; x_wconf 88' lang='lat' dir='ltr'>ante</span> <span class='ocrx_word' id='word_1_161' title='bbox 1091 2700 1252 2765; x_wconf 88' lang='lat' dir='ltr'>adiectiua</span> <span class='ocrx_word' id='word_1_162' title='bbox 1273 2705 1307 2762; x_wconf 91' lang='lat' dir='ltr'>et</span> <span class='ocrx_word' id='word_1_163' title='bbox 1328 2698 1386 2760; x_wconf 90' lang='lat' dir='ltr'>ad-</span> 
     </span>
     <span class='ocr_line' id='line_1_23' title="bbox 350 2794 1387 2889; baseline -0.002 -25"><span class='ocrx_word' id='word_1_164' title='bbox 350 2800 461 2865; x_wconf 88' lang='lat' dir='ltr'>uerbia</span> <span class='ocrx_word' id='word_1_165' title='bbox 487 2794 590 2889; x_wconf 72' lang='lat' dir='ltr'>‚haud‘</span> <span class='ocrx_word' id='word_1_166' title='bbox 619 2807 764 2882; x_wconf 86' lang='lat' dir='ltr'>apparet,</span> <span class='ocrx_word' id='word_1_167' title='bbox 788 2801 854 2867; x_wconf 87' lang='lat' dir='ltr'>fere</span> <span class='ocrx_word' id='word_1_168' title='bbox 876 2823 938 2867; x_wconf 93' lang='lat' dir='ltr'>non</span> <span class='ocrx_word' id='word_1_169' title='bbox 954 2804 1130 2869; x_wconf 88' lang='lat' dir='ltr'>abhorrens</span> <span class='ocrx_word' id='word_1_170' title='bbox 1153 2802 1289 2880; x_wconf 88' lang='lat' dir='ltr'>aLiuio,</span> <span class='ocrx_word' id='word_1_171' title='bbox 1312 2817 1387 2863; x_wconf 87' lang='lat' dir='ltr'>auc-</span> 
     </span>
     <span class='ocr_line' id='line_1_24' title="bbox 350 2902 1389 2985; baseline -0.003 -18"><span class='ocrx_word' id='word_1_172' title='bbox 350 2911 421 2968; x_wconf 88' lang='lat' dir='ltr'>tore</span> <span class='ocrx_word' id='word_1_173' title='bbox 450 2921 506 2966; x_wconf 93' lang='lat' dir='ltr'>suo</span> <span class='ocrx_word' id='word_1_174' title='bbox 535 2903 567 2966; x_wconf 93' lang='lat' dir='ltr'>in</span> <span class='ocrx_word' id='word_1_175' title='bbox 596 2922 713 2985; x_wconf 80' lang='lat' dir='ltr'>genere</span> <span class='ocrx_word' id='word_1_176' title='bbox 744 2905 881 2971; x_wconf 89' lang='lat' dir='ltr'>dicendi.</span> <span class='ocrx_word' id='word_1_177' title='bbox 933 2906 1066 2972; x_wconf 89' lang='lat' dir='ltr'>Praeter</span> <span class='ocrx_word' id='word_1_178' title='bbox 1097 2915 1202 2973; x_wconf 87' lang='lat' dir='ltr'>cetera</span> <span class='ocrx_word' id='word_1_179' title='bbox 1229 2902 1389 2984; x_wconf 90' lang='lat' dir='ltr'>reperitur</span> 
     </span>
     <span class='ocr_line' id='line_1_25' title="bbox 350 3003 1387 3094; baseline -0.002 -24"><span class='ocrx_word' id='word_1_180' title='bbox 350 3007 384 3070; x_wconf 91' lang='lat' dir='ltr'>in</span> <span class='ocrx_word' id='word_1_181' title='bbox 423 3006 492 3070; x_wconf 90' lang='lat' dir='ltr'>eius</span> <span class='ocrx_word' id='word_1_182' title='bbox 530 3005 622 3070; x_wconf 90' lang='lat' dir='ltr'>libris</span> <span class='ocrx_word' id='word_1_183' title='bbox 663 3006 763 3094; x_wconf 64' lang='lat' dir='ltr'>‚haud</span> <span class='ocrx_word' id='word_1_184' title='bbox 793 3003 882 3074; x_wconf 88' lang='lat' dir='ltr'>sane‘</span> <span class='ocrx_word' id='word_1_185' title='bbox 917 3028 988 3075; x_wconf 89' lang='lat' dir='ltr'>curn</span> <span class='ocrx_word' id='word_1_186' title='bbox 1023 3010 1204 3092; x_wconf 88' lang='lat' dir='ltr'>participiis</span> <span class='ocrx_word' id='word_1_187' title='bbox 1241 3005 1387 3087; x_wconf 85' lang='lat' dir='ltr'>coujunc-</span> 
     </span>
     <span class='ocr_line' id='line_1_26' title="bbox 351 3106 1388 3193; baseline -0.002 -22"><span class='ocrx_word' id='word_1_188' title='bbox 351 3112 429 3172; x_wconf 88' lang='lat' dir='ltr'>tum.</span> <span class='ocrx_word' id='word_1_189' title='bbox 466 3106 566 3184; x_wconf 81' lang='lat' dir='ltr'>Quem</span> <span class='ocrx_word' id='word_1_190' title='bbox 581 3108 770 3190; x_wconf 89' lang='lat' dir='ltr'>scriptorem</span> <span class='ocrx_word' id='word_1_191' title='bbox 793 3119 901 3176; x_wconf 88' lang='lat' dir='ltr'>aetate</span> <span class='ocrx_word' id='word_1_192' title='bbox 923 3118 1100 3193; x_wconf 91' lang='lat' dir='ltr'>sequuntur</span> <span class='ocrx_word' id='word_1_193' title='bbox 1122 3112 1184 3176; x_wconf 92' lang='lat' dir='ltr'>duo</span> <span class='ocrx_word' id='word_1_194' title='bbox 1206 3109 1258 3174; x_wconf 92' lang='lat' dir='ltr'>uel</span> <span class='ocrx_word' id='word_1_195' title='bbox 1279 3108 1388 3190; x_wconf 91' lang='lat' dir='ltr'>potius</span> 
     </span>
     <span class='ocr_line' id='line_1_27' title="bbox 351 3204 1388 3301; baseline -0.002 -27"><span class='ocrx_word' id='word_1_196' title='bbox 351 3215 435 3289; x_wconf 92' lang='lat' dir='ltr'>tres,</span> <span class='ocrx_word' id='word_1_197' title='bbox 470 3228 604 3290; x_wconf 90' lang='lat' dir='ltr'>quorum</span> <span class='ocrx_word' id='word_1_198' title='bbox 641 3211 674 3274; x_wconf 92' lang='lat' dir='ltr'>in</span> <span class='ocrx_word' id='word_1_199' title='bbox 704 3213 836 3294; x_wconf 91' lang='lat' dir='ltr'>scriptis</span> <span class='ocrx_word' id='word_1_200' title='bbox 865 3233 998 3295; x_wconf 90' lang='lat' dir='ltr'>perraro</span> <span class='ocrx_word' id='word_1_201' title='bbox 1028 3221 1134 3279; x_wconf 85' lang='lat' dir='ltr'>exstat</span> <span class='ocrx_word' id='word_1_202' title='bbox 1169 3204 1287 3301; x_wconf 78' lang='lat' dir='ltr'>haud‘,</span> <span class='ocrx_word' id='word_1_203' title='bbox 1317 3209 1388 3273; x_wconf 87' lang='lat' dir='ltr'>dico</span> 
     </span>
     <span class='ocr_line' id='line_1_28' title="bbox 353 3308 1387 3398; baseline 0 -24"><span class='ocrx_word' id='word_1_204' title='bbox 353 3308 568 3391; x_wconf 82' lang='lat' dir='ltr'>Columellam,</span> <span class='ocrx_word' id='word_1_205' title='bbox 592 3311 791 3379; x_wconf 86' lang='lat' dir='ltr'>Scribonium</span> <span class='ocrx_word' id='word_1_206' title='bbox 817 3316 972 3398; x_wconf 90' lang='lat' dir='ltr'>Largum,</span> <span class='ocrx_word' id='word_1_207' title='bbox 1004 3316 1188 3382; x_wconf 90' lang='lat' dir='ltr'>Petronium</span> <span class='ocrx_word' id='word_1_208' title='bbox 1211 3314 1387 3379; x_wconf 83' lang='lat' dir='ltr'>Arbitrum.</span> 
     </span>
     <span class='ocr_line' id='line_1_29' title="bbox 352 3412 1388 3496; baseline 0.005 -20"><span class='ocrx_word' id='word_1_209' title='bbox 352 3412 396 3477; x_wconf 94' lang='lat' dir='ltr'>Hi</span> <span class='ocrx_word' id='word_1_210' title='bbox 418 3414 501 3477; x_wconf 90' lang='lat' dir='ltr'>enirn</span> <span class='ocrx_word' id='word_1_211' title='bbox 524 3415 696 3496; x_wconf 86' lang='lat' dir='ltr'>scriptores</span> <span class='ocrx_word' id='word_1_212' title='bbox 719 3436 790 3483; x_wconf 90' lang='lat' dir='ltr'>cum</span> <span class='ocrx_word' id='word_1_213' title='bbox 813 3419 920 3485; x_wconf 88' lang='lat' dir='ltr'>uerbis</span> <span class='ocrx_word' id='word_1_214' title='bbox 948 3421 983 3483; x_wconf 89' lang='lat' dir='ltr'>id</span> <span class='ocrx_word' id='word_1_215' title='bbox 1010 3419 1138 3483; x_wconf 90' lang='lat' dir='ltr'>omnino</span> <span class='ocrx_word' id='word_1_216' title='bbox 1167 3437 1229 3483; x_wconf 93' lang='lat' dir='ltr'>non</span> <span class='ocrx_word' id='word_1_217' title='bbox 1259 3417 1388 3483; x_wconf 86' lang='lat' dir='ltr'>coniun-</span> 
     </span>
     <span class='ocr_line' id='line_1_30' title="bbox 352 3518 1390 3596; baseline 0.007 -19"><span class='ocrx_word' id='word_1_218' title='bbox 352 3522 485 3596; x_wconf 81' lang='lat' dir='ltr'>xerunt,</span> <span class='ocrx_word' id='word_1_219' title='bbox 524 3535 594 3582; x_wconf 86' lang='lat' dir='ltr'>curn</span> <span class='ocrx_word' id='word_1_220' title='bbox 628 3520 800 3585; x_wconf 87' lang='lat' dir='ltr'>adiectiuis</span> <span class='ocrx_word' id='word_1_221' title='bbox 839 3530 872 3586; x_wconf 88' lang='lat' dir='ltr'>et</span> <span class='ocrx_word' id='word_1_222' title='bbox 905 3522 1068 3586; x_wconf 91' lang='lat' dir='ltr'>aduerbiis</span> <span class='ocrx_word' id='word_1_223' title='bbox 1107 3522 1281 3587; x_wconf 88' lang='lat' dir='ltr'>rarissime.</span> <span class='ocrx_word' id='word_1_224' title='bbox 1336 3518 1390 3584; x_wconf 91' lang='lat' dir='ltr'>Sic</span> 
     </span>
     <span class='ocr_line' id='line_1_31' title="bbox 354 3617 1389 3714; baseline 0.003 -32"><span class='ocrx_word' id='word_1_225' title='bbox 354 3617 528 3683; x_wconf 81' lang='lat' dir='ltr'>Columella</span> <span class='ocrx_word' id='word_1_226' title='bbox 558 3621 649 3685; x_wconf 89' lang='lat' dir='ltr'>nobis</span> <span class='ocrx_word' id='word_1_227' title='bbox 680 3622 813 3704; x_wconf 90' lang='lat' dir='ltr'>praebet</span> <span class='ocrx_word' id='word_1_228' title='bbox 846 3630 895 3687; x_wconf 89' lang='lat' dir='ltr'>ter</span> <span class='ocrx_word' id='word_1_229' title='bbox 926 3623 1095 3688; x_wconf 90' lang='lat' dir='ltr'>formulam</span> <span class='ocrx_word' id='word_1_230' title='bbox 1137 3625 1236 3714; x_wconf 81' lang='lat' dir='ltr'>&gt;haud</span> <span class='ocrx_word' id='word_1_231' title='bbox 1268 3617 1389 3701; x_wconf 81' lang='lat' dir='ltr'>dubie‘,</span> 
     </span>
     <span class='ocr_line' id='line_1_32' title="bbox 353 3719 1391 3815; baseline 0.004 -31"><span class='ocrx_word' id='word_1_232' title='bbox 353 3720 404 3785; x_wconf 89' lang='lat' dir='ltr'>bis</span> <span class='ocrx_word' id='word_1_233' title='bbox 427 3720 519 3810; x_wconf 78' lang='lat' dir='ltr'>haud</span> <span class='ocrx_word' id='word_1_234' title='bbox 542 3719 733 3789; x_wconf 81' lang='lat' dir='ltr'>dubitanter‘</span> <span class='ocrx_word' id='word_1_235' title='bbox 756 3725 855 3789; x_wconf 90' lang='lat' dir='ltr'>semel</span> <span class='ocrx_word' id='word_1_236' title='bbox 881 3726 972 3815; x_wconf 79' lang='lat' dir='ltr'>haud</span> <span class='ocrx_word' id='word_1_237' title='bbox 994 3727 1135 3809; x_wconf 90' lang='lat' dir='ltr'>paulum,</span> <span class='ocrx_word' id='word_1_238' title='bbox 1151 3726 1253 3806; x_wconf 88' lang='lat' dir='ltr'>facile,</span> <span class='ocrx_word' id='word_1_239' title='bbox 1269 3724 1391 3807; x_wconf 90' lang='lat' dir='ltr'>procul,</span> 
     </span>
     <span class='ocr_line' id='line_1_33' title="bbox 353 3819 1391 3911; baseline 0.007 -25"><span class='ocrx_word' id='word_1_240' title='bbox 353 3839 431 3886; x_wconf 89' lang='lat' dir='ltr'>sane</span> <span class='ocrx_word' id='word_1_241' title='bbox 452 3819 606 3905; x_wconf 83' lang='lat' dir='ltr'>magnus‘.</span> <span class='ocrx_word' id='word_1_242' title='bbox 636 3824 821 3893; x_wconf 87' lang='lat' dir='ltr'>Scribonius</span> <span class='ocrx_word' id='word_1_243' title='bbox 842 3828 967 3910; x_wconf 84' lang='lat' dir='ltr'>Largus</span> <span class='ocrx_word' id='word_1_244' title='bbox 989 3831 1087 3895; x_wconf 91' lang='lat' dir='ltr'>semel</span> <span class='ocrx_word' id='word_1_245' title='bbox 1109 3836 1236 3895; x_wconf 87' lang='lat' dir='ltr'>tantum</span> <span class='ocrx_word' id='word_1_246' title='bbox 1258 3830 1391 3911; x_wconf 89' lang='lat' dir='ltr'>scripsit</span> 
     </span>
    </p>
   </div>
   <div class='ocr_carea' id='block_1_3' title="bbox 354 4046 1391 4215">
    <p class='ocr_par' dir='ltr' id='par_1_4' title="bbox 354 4046 1391 4215">
     <span class='ocr_line' id='line_1_34' title="bbox 445 4046 1391 4141; baseline 0.01 -37"><span class='ocrx_word' id='word_1_247' title='bbox 445 4046 473 4124; x_wconf 86' lang='lat' dir='ltr'>l)</span> <span class='ocrx_word' id='word_1_248' title='bbox 496 4047 561 4107; x_wconf 90' lang='lat' dir='ltr'>Hac</span> <span class='ocrx_word' id='word_1_249' title='bbox 573 4067 725 4127; x_wconf 84' lang='lat' dir='ltr'>quoquere</span> <span class='ocrx_word' id='word_1_250' title='bbox 737 4054 816 4129; x_wconf 91' lang='lat' dir='ltr'>quod</span> <span class='ocrx_word' id='word_1_251' title='bbox 829 4074 918 4131; x_wconf 87' lang='lat' dir='ltr'>supra</span> <span class='ocrx_word' id='word_1_252' title='bbox 928 4058 1079 4134; x_wconf 81' lang='lat' dir='ltr'>proposui,</span> <span class='ocrx_word' id='word_1_253' title='bbox 1095 4046 1184 4141; x_wconf 75' lang='lat' dir='ltr'>²lraud‘</span> <span class='ocrx_word' id='word_1_254' title='bbox 1202 4054 1391 4133; x_wconf 83' lang='lat' dir='ltr'>negationem</span> 
     </span>
     <span class='ocr_line' id='line_1_35' title="bbox 354 4134 1221 4215; baseline 0.012 -21"><span class='ocrx_word' id='word_1_255' title='bbox 354 4150 371 4194; x_wconf 81' lang='grc' dir='ltr'>θ</span> <span class='ocrx_word' id='word_1_256' title='bbox 394 4150 529 4192; x_wconf 90' lang='lat' dir='ltr'>sermone</span> <span class='ocrx_word' id='word_1_257' title='bbox 549 4134 688 4193; x_wconf 82' lang='lat' dir='ltr'>familiari</span> <span class='ocrx_word' id='word_1_258' title='bbox 715 4139 853 4215; x_wconf 72' lang='lat' dir='ltr'>euasmse,</span> <span class='ocrx_word' id='word_1_259' title='bbox 875 4141 975 4201; x_wconf 83' lang='lat' dir='ltr'>fulciri</span> <span class='ocrx_word' id='word_1_260' title='bbox 997 4143 1072 4204; x_wconf 82' lang='lat' dir='ltr'>mihi</span> <span class='ocrx_word' id='word_1_261' title='bbox 1094 4144 1221 4204; x_wconf 87' lang='lat' dir='ltr'>uidetur.</span> 
     </span>
    </p>
   </div>
   <div class='ocr_carea' id='block_1_4' title="bbox 0 0 1581 5159">
    <p class='ocr_par' dir='ltr' id='par_1_5' title="bbox 0 0 1581 5159">
     <span class='ocr_line' id='line_1_36' title="bbox 0 0 1581 5159; baseline 0 0"><span class='ocrx_word' id='word_1_262' title='bbox 0 0 1581 5159; x_wconf 95' lang='lat' dir='ltr'> </span> 
     </span>
    </p>
   </div>
  </div>
 </body>
</html>
