3109 5159
759 510 954 576 -g..

338 699 401 747 non
423 686 525 745 totam
544 680 736 746 sententiam
758 685 865 763 negat,
888 683 946 747 sed
964 701 1089 764 semper
1107 682 1233 764 singula
1248 686 1374 747 tanturn

339 782 504 849 uocabula
550 783 652 861 Quam
673 784 776 866 legem
807 786 905 849 otiam
933 785 1020 867 apud
1042 787 1215 867 scriptores
1236 784 1375 866 reliqua·

339 905 411 951 rum
441 890 584 950 aetatum
616 885 745 970 linguae
766 887 888 953 latinae
909 888 1018 955 ualere
1038 889 1192 972 proximis
1215 887 1374 969 capitibus

340 987 575 1056 demonstrabo.

834 1247 878 1314 11.
920 1255 924 1262 '

383 1384 438 1448 De
471 1376 606 1472 ‚haud‘
632 1382 879 1466 negationis
908 1384 1017 1465 apud
1046 1403 1199 1452 aureae
1229 1404 1333 1468 quae

589 1493 768 1552 uocatur
789 1483 1026 1552 latinitatis
1048 1506 1130 1552 usu.

428 1638 464 1703 Si
486 1640 658 1721 scriptores
681 1639 776 1705 huius
798 1640 926 1721 aetatis,
957 1642 1013 1723 qui
1034 1641 1179 1706 oratione
1200 1640 1306 1706 soluta
1328 1641 1378 1705 usi

343 1748 430 1819 sunt,
452 1741 703 1822 perlustramus,
736 1743 828 1833 nobis
850 1744 990 1809 occurrit
1020 1763 1071 1809 res
1093 1744 1264 1808 admodum
1287 1743 1377 1807 mira.

341 1842 425 1907 Nam
446 1862 582 1926 magnus
613 1864 722 1911 eorum
745 1865 897 1911 numerus
919 1845 1001 1911 hanc
1023 1847 1223 1929 negationem
1253 1847 1379 1910 omnino

344 1946 478 2027 respuit.
514 1946 566 2012 Sic
597 1966 666 2012 eam
687 1967 751 2012 non
774 1949 954 2014 innenimus
977 1950 1063 2030 apud
1087 1947 1288 2014 Cornificium
1311 1948 1379 2012 siue

343 2054 505 2113 auctorem
524 2050 566 2113 ad
584 2050 777 2115 Herennium
801 2052 855 2132 qui
873 2058 1016 2131 uocatur,
1038 2071 1101 2116 non
1115 2052 1294 2115 inuenimus
1310 2069 1379 2114 earn

343 2151 430 2231 apud
444 2150 620 2217 Varronem
642 2152 824 2232 Reatinum,
847 2156 934 2234 apud
956 2154 1110 2231 Quintum
1133 2155 1325 2231 ciceronem,
1347 2152 1379 2215 in

342 2260 547 2320 monumento
561 2256 739 2337 Ancyrano,
762 2257 849 2338 apud
872 2255 1019 2321 Verrium
1043 2256 1202 2333 Flaccum,
1221 2256 1256 2319 id
1278 2260 1328 2319 est
1349 2255 1381 2317 in

346 2357 504 2438 excerptis
533 2376 571 2422 ex
592 2358 660 2423 eius
681 2357 775 2423 libris
806 2377 826 2422 a
848 2358 945 2423 Festo
966 2358 1062 2424 factis
1077 2364 1122 2437 ¹),
1153 2358 1239 2439 apud
1260 2355 1381 2421 dulium

347 2459 525 2541 Hyginum,
556 2460 642 2541 apud
664 2460 848 2526 Vitruuium
875 2461 1059 2527 Pollionem.
1103 2461 1204 2525 Porro
1225 2477 1381 2540 nusquam

346 2567 453 2627 exstat
488 2562 522 2627 in
552 2562 742 2645 fragmentis
771 2563 905 2628 aliorum
939 2563 1023 2630 illius
1052 2565 1170 2628 aetatis
1192 2564 1383 2643 scriptorum

346 2663 439 2728 nobis
455 2665 602 2730 seruatis.
637 2665 778 2742 Quorum
794 2666 986 2751 scriptorum
1003 2685 1021 2731 e
1037 2685 1168 2731 numero
1184 2684 1255 2730 cum
1272 2663 1382 2728 Comi-

346 2765 438 2831 ficius
469 2767 612 2848 proxime
641 2770 683 2833 ad
712 2774 852 2834 aetatem
880 2769 989 2834 Plauti
1019 2776 1051 2834 et
1073 2768 1215 2833 Terentii
1242 2767 1383 2844 accedat,

348 2867 451 2932 Varro
473 2875 580 2935 autern
607 2876 641 2935 et
663 2871 833 2941 Vitruuius
855 2871 956 2936 Pollio
984 2873 1016 2936 in
1040 2890 1154 2953 genere
1177 2871 1304 2935 dicendi
1326 2888 1384 2934 suo

348 2973 392 3036 ad
414 2990 590 3037 sermonem
611 2973 795 3056 uulgarem,
826 2975 972 3054 suspicor
1000 2974 1083 3039 hanc
1105 2975 1306 3054 negationem
1328 2970 1384 3035 illo

349 3080 492 3156 ternpore
507 3094 524 3139 e
540 3094 683 3141 sermone
699 3077 875 3142 cottidiano
890 3096 951 3140 non
969 3077 1072 3141 dicam
1085 3075 1189 3157 plane,
1212 3076 1269 3140 sed
1284 3093 1384 3155 paene

350 3177 527 3243 euanuisse.
574 3178 677 3255 Quam
706 3198 811 3244 meam
841 3179 1031 3244 sententiam
1055 3179 1185 3242 uidetur
1205 3176 1317 3242 fulcire
1346 3195 1385 3240 ea

350 3299 411 3359 res,
433 3280 637 3362 quodetiam
657 3280 767 3346 Cicero
789 3281 823 3345 in
844 3280 1004 3362 prioribus
1027 3280 1157 3362 scriptis
1180 3282 1256 3358 soie,
1278 3280 1313 3343 id
1335 3284 1385 3342 est
1410 3296 1413 3300 ·

351 3382 507 3464 inlibris,
529 3384 584 3465 qui
606 3389 682 3449 sunt
708 3385 754 3474 ³de
775 3378 963 3448 inuentione‘
994 3389 1027 3448 et
1048 3384 1082 3447 in
1103 3382 1264 3464 prioribus
1286 3381 1385 3445 orati-

351 3485 465 3551 onibus
498 3487 580 3551 hanc
609 3505 718 3551 uocem
749 3485 846 3568 plane
876 3487 1014 3567 spreuit,
1047 3486 1080 3549 in
1111 3484 1244 3566 reliquis
1279 3489 1385 3548 autem

352 3589 483 3670 scriptis
514 3596 548 3656 et
569 3589 742 3670 praecipue
768 3590 803 3653 in
825 3589 990 3671 epistulis,
1021 3606 1103 3669 quae
1132 3586 1275 3668 proxime
1297 3605 1386 3651 acoe-

352 3692 434 3755 dunt
455 3692 499 3755 ad
523 3710 698 3757 sermonem
716 3693 938 3771 cottidianum,
959 3710 1021 3755 non
1044 3691 1092 3754 ita
1119 3708 1215 3771 saepe
1228 3688 1385 3753 adhibuit.

352 3793 424 3859 Huc
446 3794 584 3875 accedit,
615 3796 710 3877 quod‘
730 3796 843 3876 reliqui
866 3795 1039 3874 scriptores
1061 3792 1148 3857 illius
1171 3792 1302 3870 aetatis,
1333 3792 1387 3872 qui

353 3896 414 3962 hac
435 3897 605 3978 negatione
634 3898 684 3964 usi
713 3903 805 3977 sunt,
835 3903 892 3962 aut
921 3914 1054 3978 perraro
1084 3914 1123 3961 ea
1151 3894 1203 3959 usi
1231 3900 1321 3973 sunt,
1351 3900 1388 3957 nt

442 4106 474 4186 1)
503 4107 540 4165 In
570 4105 657 4164 Pauli
687 4105 812 4164 Diaconi
844 4104 992 4179 excerptis
1029 4103 1256 4177 interpretatum
1284 4101 1388 4158 inueni

358 4194 440 4283 baud
468 4182 555 4252 secus‘
582 4192 731 4252 locutione
753 4212 823 4279 ⁴non
846 4183 949 4249 aliter‘.
1347 4185 1350 4190 ’
