3109 5159
753 594 967 662 ..20-

344 763 505 850 inuenire,
535 766 591 848 qui
620 770 753 832 conatus
783 767 895 848 quanti
924 766 1142 835 aestimandus
1169 771 1268 839 sitin
1289 772 1383 837 initio

346 872 441 939 buius
461 868 605 953 opusculi
627 866 701 932 dixi.
743 869 826 933 Item
856 869 937 935 hano
965 871 1165 953 negationem
1194 891 1382 939 commemo-

345 976 432 1041 rauit
453 976 486 1040 in
510 990 639 1037 numero
661 970 886 1037 aduerbiorum
909 973 1046 1055 negandi
1065 973 1222 1040 Maximus
1244 975 1382 1041 Victori-

346 1098 415 1145 nus.
439 1114 481 1125 -
510 1075 547 1140 In
569 1071 666 1138 Probi
686 1074 844 1139 institutis
865 1075 982 1139 artium
1005 1093 1088 1156 quae
1109 1081 1263 1142 uocantur
1285 1095 1383 1157 quao-

346 1201 408 1265 que
439 1180 508 1246 sine
537 1175 633 1241 dubio
665 1181 780 1257 quarto
810 1176 938 1243 saeculo
960 1179 1135 1259 composita
1160 1184 1245 1261 sunt,
1276 1184 1383 1244 exstat

345 1300 427 1349 unus
449 1282 536 1347 locus
558 1278 620 1342 hun
642 1282 849 1359 spectansu,
882 1280 936 1361 qui
967 1284 1072 1344 tamen
1103 1280 1194 1345 nihili
1215 1280 1382 1346 faciendus
1430 1279 1436 1288 '

345 1393 405 1465 est,
418 1389 456 1449 ut
470 1402 544 1449 eum
558 1380 684 1446 silentio
699 1381 875 1461 praeterire
890 1382 1016 1462 possim.
1047 1381 1219 1448 Praeterea
1233 1384 1265 1448 in
1281 1384 1383 1464 serip-

344 1489 397 1570 tis,
419 1487 474 1569 qui
496 1485 554 1553 sub
577 1482 673 1547 Probi
695 1482 819 1548 nomine
843 1484 965 1548 tradita
986 1489 1070 1566 sunt,
1097 1480 1197 1574 >haud‘
1224 1503 1381 1566 nusquam

344 1591 423 1656 mibi
444 1587 597 1665 ooourrit3
627 1603 728 1668 nequo
757 1603 892 1666 usquam
929 1587 961 1651 in
992 1585 1132 1653 Charisii
1171 1593 1243 1653 arte
1274 1607 1381 1670 gram-

344 1693 477 1772 matina,
508 1706 701 1773 quamquam
735 1688 790 1753 ille
820 1689 856 1753 id
885 1690 1085 1754 enumerabit
1113 1690 1197 1755 inter
1227 1691 1382 1756 aduerbia

343 1794 481 1876 negandi
514 1794 554 1857 de
584 1790 715 1872 eiusque
737 1791 899 1872 scriptura
921 1791 1082 1872 disseruit,
1113 1792 1165 1857 oui
1195 1798 1302 1859 tamen
1333 1793 1382 1857 rei

338 1916 404 1962 non
426 1894 561 1961 multum
582 1892 786 1958 tribuendum
809 1894 912 1976 θεῖ’).

427 1998 525 2079 Apud
546 1995 730 2059 Diomedem
753 1994 850 2060 semol
880 1996 988 2061 inueni
1023 1995 1116 2085 baud
1136 1991 1268 2078 piguit‘.
1307 1996 1380 2062 Ser·

343 2103 415 2191 nius
436 2101 468 2166 in
491 2098 628 2180 seriptis,
657 2115 740 2177 quae
768 2097 810 2160 ad
833 2103 935 2162 artem
959 2099 1201 2179 grammaticam
1223 2104 1380 2181 spectant,

342 2223 447 2288 neque
477 2201 667 2268 mentionem
696 2197 774 2274 fecit
803 2198 899 2263 buius
929 2200 1077 2266 uocabuli
1105 2219 1207 2282 neque
1237 2219 1274 2267 eo
1304 2219 1381 2265 usus

343 2313 409 2387 est;
438 2307 471 2371 in
500 2301 727 2372 commentario
759 2308 867 2366 autem
895 2303 937 2366 ad
963 2302 1097 2386 Vergilii
1126 2305 1266 2368 carmina
1294 2321 1380 2369 eom-

340 2410 445 2492 posito
467 2424 620 2490 persaepe
642 2408 750 2469 exstat
770 2402 905 2469 formula
938 2404 1030 2493 baud
1052 2401 1162 2488 longe‘.
1207 2406 1379 2471 Praeterea

341 2513 472 2579 Seruius
495 2511 564 2592 ipse
586 2507 668 2572 tales
689 2504 859 2587 formulas,
890 2507 1001 2589 quales
1023 2515 1098 2573 sunt
1124 2508 1215 2598 ³baud
1237 2508 1380 2591 ignarus

343 2614 430 2679 baud
451 2604 556 2677 aliter‘
581 2609 765 2691 similesque
786 2608 929 2674 litotetos
948 2608 1066 2692 figuras
1088 2628 1158 2675 esse
1180 2611 1266 2676 dioit.
1288 2647 1329 2656 -
1352 2610 1380 2673 E

343 2717 556 2798 posteriorum
572 2730 703 2776 numero
723 2729 825 2792 neque
841 2711 1056 2779 adhibuerunt
1078 2731 1179 2794 neque
1194 2730 1380 2777 commemo-

343 2822 496 2883 rauerunt
519 2815 601 2880 bane
621 2812 813 2895 particulam
835 2814 1017 2895 Dositheus,
1039 2814 1218 2897 Pompeius,
1242 2813 1380 2880 Consen-

343 2920 418 2996 tius,
433 2919 568 2998 Audax;
588 2915 755 2982 dledonius
771 2917 882 2982 eadem
903 2936 1004 2999 paene
1026 2917 1124 2983 uerba
1140 2918 1181 2982 de
1202 2917 1263 2981 hac
1283 2935 1379 2998 nega-

343 3022 428 3088 tione
456 3020 551 3100 fecit,
582 3036 664 3101 quae
693 3024 821 3084 exstant
850 3019 882 3084 in
911 3019 1006 3084 Probi
1028 3019 1201 3101 institutis,
1231 3019 1317 3100 quod
1339 3020 1379 3083 de

271 3194 275 3201 ,
343 3122 541 3191 Cassiodorio
573 3139 697 3205 quoque
728 3122 897 3187 dicendum
930 3128 988 3187 est.
1031 3122 1067 3185 Iu
1096 3121 1222 3186 Phocoe
1251 3121 1378 3202 libro³)

343 3225 460 3308 quiesi
476 3225 519 3313 de
530 3218 741 3306 aspiratione,
752 3224 848 3289 huius
863 3242 988 3306 quoque
1003 3223 1150 3290 uooabuli
1165 3225 1282 3288 mentio
1293 3224 1378 3290 foeta

343 3332 402 3407 est,
424 3346 506 3412 quse
527 3326 626 3392 uerba
641 3325 746 3392 nescio
768 3345 810 3391 an
833 3345 894 3391 non
911 3327 1011 3407 pluris
1025 3326 1173 3392 habenda
1196 3327 1261 3392 sint
1283 3346 1377 3409 quam

343 3429 449 3494 Probi.
482 3429 634 3510 Legimus
648 3447 743 3512 porro
759 3429 847 3511 apud
862 3429 1088 3494 Adamantium
1105 3430 1173 3495 siue
1187 3430 1377 3512 Martyrium

344 3532 594 3599 coniunctionem
629 3531 722 3622 baud
743 3525 880 3611 latinus‘3
910 3533 967 3596 sed
995 3551 1055 3613 pro
1086 3532 1147 3598 bac
1177 3532 1312 3597 lectione
1344 3534 1376 3597 in

214 3690 216 3694 ,
344 3633 541 3700 Cassiodorii
572 3640 721 3716 excerpto
759 3653 798 3699 ex
836 3633 918 3698 libro
946 3636 1131 3700 Adamantii
1159 3633 1244 3700 facto
1272 3639 1379 3701 exstat

345 3738 541 3827 minimeque
562 3731 714 3802 latinum‘.
759 3736 940 3802 Priscianus
970 3740 1229 3804 commemorauit
1251 3743 1377 3803 tantum

342 3838 425 3905 hano
445 3840 647 3922 negationem
674 3839 760 3904 inter
782 3838 936 3905 aduerbia
956 3842 1111 3922 negandi,
1141 3842 1211 3924 ipse
1239 3844 1271 3906 io
1302 3859 1375 3906 oon·

344 3994 546 4006 ,Ἦ
591 3990 593 3995 Ι

431 4083 461 4160 1)
487 4082 524 4141 of.
554 4081 632 4143 KeiL
665 4081 732 4143 vol.
758 4083 813 4158 IV,
836 4104 866 4162 p.
884 4088 953 4146 145.
977 4084 997 4146 1.
1024 4088 1052 4146 3.
1080 4102 1144 4166 sqq.

429 4170 462 4242 2)
486 4168 522 4226 ot
546 4168 620 4229 ibid.
642 4170 667 4242 I,
691 4188 721 4246 p.
742 4172 812 4231 112.

429 4253 461 4335 8)
489 4254 527 4314 af.
557 4253 631 4315 ibid.
649 4255 686 4317 V.
713 4276 742 4332 p.
763 4260 835 4333 440,
864 4262 916 4316 da
937 4277 1002 4338 sqq.
