3109 5159
770 545 940 614 ..10-

336 711 489 781 Sallustii.
522 715 638 782 Caesar
659 715 742 782 euim
758 716 856 781 semel
870 718 997 782 omnino
1018 716 1051 781 in
1073 716 1219 783 omnibus
1234 717 1374 799 scriptis,

337 834 419 901 quae
456 817 486 884 ei
518 819 588 883 iure
620 818 863 898 adscribuntur,
899 817 1047 884 adhibuit
1080 818 1248 885 formulam
1280 821 1372 910 inaud

336 914 405 985 scio‘
422 921 461 1003 ¹).
504 921 552 985 ux
581 921 621 986 iis
643 921 788 1003 scriptis,
821 940 902 1003 quae
925 921 1071 988 Caesaris
1094 923 1223 1003 quidem
1247 924 1372 988 nomine

336 1022 498 1101 feruntur,
527 1024 583 1089 sed
614 1023 687 1089 aliis
708 1023 892 1089 auctoribus
915 1023 1120 1089 attribuenda
1146 1030 1231 1103 suut,
1254 1025 1386 1089 mentio

335 1122 481 1190 facienda
503 1132 553 1191 est
575 1126 658 1207 eiua,
690 1127 774 1207 quod
797 1131 848 1190 est
872 1127 918 1215 de
939 1126 1022 1191 bello
1046 1120 1198 1192 Africano‘
1224 1128 1373 1209 quodque

335 1227 468 1308 praebet
482 1228 656 1294 locutiones
681 1228 773 1317 inaud
788 1228 893 1310 louge,
915 1229 1002 1293 haud
1023 1229 1071 1292 ita
1091 1228 1194 1311 longe,
1215 1229 1304 1294 haud
1326 1230 1373 1293 ita

337 1323 408 1392 diu‘.
453 1329 558 1394 Etiam
583 1329 747 1396 (loruelius
768 1330 877 1411 Nepos
905 1335 955 1395 ter
984 1335 1110 1401 tantum
1133 1349 1208 1395 usus
1239 1336 1289 1396 est
1311 1331 1371 1397 hoc

335 1431 490 1498 uocabulo
512 1432 544 1496 iu
569 1433 722 1511 negandis
740 1432 870 1498 uocibus
895 1450 1045 1521 magnus,
1066 1434 1171 1513 longe,
1192 1433 1239 1499 ita
1260 1427 1370 1513 louge‘.

421 1533 521 1599 Paulo
544 1535 670 1616 saepius
692 1535 774 1599 hanc
788 1535 979 1616 particulam
1003 1534 1172 1615 usurpauit
1191 1535 1372 1613 Sallustius,

338 1636 507 1702 maximam
530 1642 636 1702 autem
654 1644 778 1717 partem
802 1639 844 1702 ad
867 1637 1014 1719 neganda
1037 1637 1189 1702 aduerbia
1211 1644 1244 1703 et
1266 1639 1371 1703 adiec-

337 1739 413 1819 tiua,
441 1739 540 1804 semel
568 1745 693 1804 tautum
728 1740 771 1804 ad
801 1741 979 1821 negandum
1008 1740 1150 1805 uerbum.
1200 1741 1372 1806 Adiectiua

336 1848 412 1906 suut
432 1840 527 1906 haec:
555 1841 728 1930 ³absurdus,
751 1839 900 1921 difficilis,
922 1840 1035 1922 facilia,
1056 1843 1196 1923 ignarus,
1219 1843 1372 1921 occultus,

337 1942 499 2022 obscurus,
535 1938 687 2022 timidus‘,
717 1944 780 2009 huc
808 1945 964 2010 accedunt
993 1945 1179 2026 pronomina
1212 1938 1305 2034 ,alius‘
1338 1950 1372 2010 et

340 2039 517 2133 ‚quisquam‘
550 2046 691 2123 (adiecta
712 2064 790 2111 uoce
821 2039 941 2136 ,saue‘);
974 2047 1128 2112 aduerbia
1157 2054 1247 2113 sunt:
1283 2046 1371 2136 ‚diffi-

337 2147 456 2227 culter,
487 2148 694 2230 dissimiliter,
717 2147 823 2229 dubie,
846 2147 947 2229 facile,
969 2149 1115 2230 impigre,
1137 2149 1239 2230 longe,
1261 2150 1371 2227 multo,
1455 2191 1466 2197 -

336 2249 456 2329 procul,
479 2249 570 2328 satis,
593 2268 698 2331 saepe,
720 2244 830 2315 secus‘.
869 2250 1020 2328 Verbum,
1043 2269 1176 2332 quocum
1200 2251 1372 2316 Sallustius

340 2346 440 2440 ‚lnaud‘
467 2353 666 2433 negationem
689 2353 861 2431 coniunxit,
896 2347 1064 2441 ,repellere‘
1097 2359 1164 2433 est;
1193 2370 1265 2416 cum
1296 2372 1371 2418 uero

336 2452 540 2536 participium
566 2448 723 2544 ,repulsus‘
749 2455 802 2535 sit,
818 2455 925 2536 potius
946 2457 978 2519 in
995 2473 1124 2520 numero
1140 2455 1371 2520 adiectiuorum

337 2555 517 2621 habendum
539 2562 605 2638 est,
638 2562 675 2621 ut
697 2564 783 2623 recte
805 2557 1039 2634 contendamus,
1069 2557 1155 2638 apud
1187 2556 1371 2622 Sallustium

340 2652 439 2746 paud‘
465 2659 526 2723 nisi
548 2676 618 2724 cum
642 2659 805 2724 aduerbiis
834 2664 869 2726 et
890 2658 1058 2724 adiectiuis
1080 2659 1280 2725 coniunctum
1310 2675 1370 2722 non

337 2765 471 2826 exstare.
1010 2757 1011 2760 ’

422 2863 492 2928 Ηοο
521 2864 589 2930 loco
618 2864 843 2944 adiungendae
878 2869 952 2928 sunt
974 2863 1102 2929 -incerti
1132 2863 1269 2928 rhetoris
1299 2881 1372 2928 sua·

337 2965 440 3030 suriae
481 2967 535 3054 >ad
564 2966 730 3032 Caesarem
766 2984 873 3030 senem
909 2967 949 3031 de
990 2961 1164 3048 republica‘
1206 2985 1288 3048 quae
1324 2965 1371 3029 iu-

336 3067 518 3133 scribuutur
540 3087 683 3150 quaeque
706 3067 786 3132 falso
808 3067 960 3133 Sallustio
983 3068 1165 3149 adscriptae
1187 3074 1270 3132 suut.
1308 3068 1371 3132 Sed

337 3169 399 3234 hae
413 3170 574 3235 suasoriae
595 3179 631 3236 ut
652 3171 684 3235 in
700 3171 779 3236 aliis
795 3170 899 3251 rebus,
922 3171 968 3235 ita
991 3190 1029 3236 ne
1051 3171 1083 3234 in
1110 3164 1216 3259 ,haud‘
1243 3170 1371 3250 quidem

337 3272 497 3353 particula
519 3274 703 3353 usurpanda
734 3292 807 3338 cum
831 3271 974 3337 Sallustii
1004 3290 1118 3352 genere
1146 3272 1272 3337 dicendi
1299 3289 1372 3336 con-

337 3379 464 3455 gruunt.
507 3374 589 3440 Nam
612 3377 753 3457 exceptis
775 3374 945 3440 adiectiuis
972 3367 1119 3462 ‚difficilis
1145 3381 1179 3439 et
1205 3366 1368 3462 ‚obscurus‘

336 3475 476 3560 itemque
505 3479 657 3544 aduerbio
694 3471 822 3566 ‚procul‘
857 3476 938 3541 hanc
969 3476 1171 3558 negationem
1208 3476 1253 3541 ibi
1282 3476 1372 3539 uide-

338 3597 408 3644 mus
436 3583 511 3645 ante
541 3580 696 3644 aduerbia
728 3579 879 3668 absurde,
909 3577 1017 3657 ferme,
1040 3573 1260 3658 mediocritei,
1290 3595 1372 3660 quae

337 3681 512 3747 locutiones
547 3683 579 3747 in
611 3681 740 3762 scriptis
769 3681 973 3746 Sallustianis
1004 3680 1235 3745 desiderantur.
1280 3680 1372 3756 Quod

338 3802 413 3849 uero
429 3802 560 3864 prorsus
576 3784 727 3849 abhorret
748 3783 789 3847 ab
813 3802 873 3848 usu
888 3781 1092 3864 Sallustiauo,
1114 3783 1275 3848 coniunxit
1297 3800 1372 3847 auc-

337 3890 388 3949 tor
417 3886 544 3951 illarum
571 3886 784 3951 suasoriarum
815 3885 897 3949 hauc
926 3886 1125 3966 negationem
1156 3903 1227 3950 cum
1256 3884 1373 3961 uerbis,

337 3993 531 4069 quaesunt:
569 3989 697 4077 abesse,
719 3987 840 4069 mirari,
871 3995 1078 4067 contemnere,
1099 3988 1253 4069 paenitet,
1274 3981 1372 4053 scire.

428 4195 456 4273 1)
478 4197 515 4255 cf.
537 4195 608 4258 bell.
629 4193 705 4256 (sala
729 4196 763 4269 V,
789 4200 837 4269 54,
861 4200 889 4258 5.
