3109 5159
594 553 808 620 ...13-

182 740 253 787 eum
274 722 371 804 paulo
393 721 589 806 liberiorem,
618 726 762 806 inprimis
791 727 876 809 quod
904 726 1023 793 attinet
1050 730 1092 794 ad
1123 728 1218 795 collo-

181 825 348 906 cationem,
378 842 460 905 quae
492 844 543 889 res
575 834 660 891 corte
690 828 755 893 arti
786 828 936 893 metricae
958 831 1128 898 tribuenda
1158 837 1217 897 est.

180 925 344 992 Vocabula
372 934 497 1006 autem,
518 929 633 1009 quibus
664 930 704 995 ab
733 929 797 994 illis
825 932 929 1011 poetis
958 932 1037 997 haec
1058 934 1218 1014 particula

181 1029 309 1093 adiecta
330 1036 389 1108 est,
411 1030 523 1094 itidem
545 1037 583 1095 ut
604 1032 691 1111 apud
711 1032 886 1113 scriptores
899 1034 1069 1098 maximam
1091 1041 1215 1116 partem

180 1130 340 1197 adiectiua
367 1139 400 1196 et
430 1133 597 1198 aduerbia'
613 1140 705 1213 sunt,
734 1136 774 1197 ad
805 1152 888 1215 quae
916 1137 1001 1217 apud
1024 1136 1217 1217 Lucretium,

180 1232 366 1314 Vergilium,
388 1235 539 1300 Ouidium
573 1255 633 1301 uon
655 1238 852 1319 spernendus
875 1256 1024 1303 numerus
1046 1239 1216 1304 uerborum

178 1337 313 1401 accedit.
346 1350 351 1359 ·

266 1440 354 1504 Haec
375 1440 441 1505 lere
463 1440 601 1521 fuerunt,
628 1462 709 1524 qnae
731 1460 789 1523 pro
813 1443 1032 1523 magnitudine
1054 1444 1217 1523 materiae,

179 1559 276 1621 quam
298 1542 357 1607 hoc
380 1544 531 1625 opusculo
548 1550 745 1609 tractaturus
767 1562 846 1623 sum,
869 1546 910 1609 de
931 1545 1138 1626 scriptoribus
1159 1564 1216 1610 au-

179 1663 254 1709 reae
291 1663 373 1725 quae
411 1654 543 1712 uocatur
569 1647 740 1711 latinitatis
771 1648 878 1711 dicere
906 1648 1007 1727 potui.
1059 1647 1216 1729 Vidimus,

179 1764 249 1808 eam
263 1748 454 1827 particulam
467 1751 608 1831 exceptis
620 1749 712 1813 Liuio
728 1755 762 1815 et
778 1750 920 1828 Vergilio
934 1750 997 1814 iam
1021 1768 1081 1813 nou
1104 1751 1216 1815 eadem

179 1849 337 1914 uarietate
365 1852 543 1917 adhibitam
575 1870 643 1916 esse
672 1859 769 1933 atque
802 1870 822 1913 a
851 1852 966 1933 priscis
995 1851 1215 1933 scriptoribus,

179 1953 266 2032 apud
288 1954 454 2019 nonnullos
476 1956 648 2036 scriptores
670 1962 777 2020 autem
801 1956 927 2018 omniuo
949 1955 1069 2020 deesse.

671 2246 730 2311 111.

254 2382 506 2449 Tractantur
528 2384 761 2463 scriptores
783 2379 1005 2463 argenteae
1028 2401 1132 2464 quae

440 2509 441 2512 ¹
476 2491 651 2553 uocatur
672 2486 925 2550 latinitatis.

264 2640 334 2705 Hac
351 2647 458 2705 aetate
481 2658 557 2705 usus
579 2639 674 2705 huius
690 2637 867 2721 particulae
890 2637 954 2701 fere
971 2643 1059 2703 totus
1074 2639 1215 2720 pertinet

178 2745 220 2808 ad
242 2763 349 2807 rerum
371 2746 544 2824 scriptores
575 2761 700 2823 eosque,
733 2743 789 2822 qui
821 2742 852 2805 in
876 2740 1142 2821 generedicendi
1167 2741 1215 2832 'ad

178 2865 233 2911 eos
266 2848 407 2928 proxime
438 2847 610 2926 accedunt,
641 2853 677 2909 ut
709 2845 881 2926 praecipue
908 2842 1032 2906 Plinius
1053 2843 1153 2905 maior
1181 2844 1213 2905 iu

178 2950 284 3031 priore
315 2959 408 3031 parte
437 2950 590 3013 historiae
626 2966 702 3012 suae
731 2946 897 3010 naturalis.
948 2944 1102 3009 Videmus
1130 2944 1213 3007 euim

182 3046 284 3141 paud‘
329 3059 454 3117 exstare
485 3054 569 3133 apud
603 3051 759 3114 Velleium
798 3047 1021 3126 Paterculum,
1052 3045 1214 3110 Valerium

178 3157 361 3228 Maximum,
380 3155 525 3221 Curtium
540 3153 666 3232 Rufum,
686 3152 824 3216 Plinium
844 3151 1006 3229 Maiorem,
1018 3147 1213 3226 Suetonium,

177 3259 315 3338 Florum,
338 3260 580 3340 epitomatorem
604 3256 701 3334 Liuii;
730 3272 832 3334 neque
854 3254 932 3317 haec
959 3270 1010 3315 res
1032 3250 1110 3313 mihi
1132 3250 1214 3313 mira

177 3362 316 3442 uidetur,
339 3380 410 3425 cum
433 3360 505 3425 illos
527 3361 698 3440 scriptores
721 3368 807 3422 certe
829 3356 1015 3421 Sallustium
1038 3359 1070 3417 et
1084 3352 1211 3416 Liuium

177 3466 318 3546 aliosque
346 3465 464 3547 prioris
490 3462 607 3528 aetatis
641 3462 816 3541 scriptores
843 3477 903 3522 uon
936 3456 1037 3521 solum
1067 3459 1213 3517 auctores

177 3589 282 3635 rerum
304 3574 477 3650 gestarum,
504 3568 559 3631 sed
586 3566 683 3629 etiam
705 3564 831 3643 generis
849 3559 976 3626 dicendi
994 3562 1119 3622 secutos
1143 3573 1212 3619 esse

176 3679 308 3739 constet.

262 3777 434 3841 Praeterea
456 3780 562 3838 autem
592 3791 661 3837 eam
693 3769 871 3834 inuenimus
901 3764 997 3830 semel
1025 3763 1111 3844 apud
1137 3759 1212 3824 Cor·

176 3880 295 3945 nelium
322 3879 447 3945 Celsum
475 3884 508 3941 et
536 3874 732 3941 Scribonium
757 3873 907 3950 Largum,
930 3859 1100 3949 aliquoties
1124 3864 1210 3944 apud

176 3982 381 4050 Columellam
395 3981 442 4061 1),
472 3979 654 4044 Petronium
686 3976 872 4052 Arbitrum,
909 3971 959 4035 bis
993 3970 1079 4050 apud
1118 3965 1210 4030 Pom-

265 4228 294 4311 1)
317 4227 456 4289 Fortasse
482 4224 644 4302 Vergilium
666 4224 793 4282 secutus.
