3109 5159
596 487 809 553 ...21-

176 661 266 725 textu
295 676 352 725 suo
385 677 445 723 non
476 656 640 736 adhibuit3
668 657 702 723 in
731 657 889 743 Eutychis
911 662 982 725 arte
1003 658 1211 740 grammatica

176 762 274 827 semel
296 761 360 844 legi
387 761 478 851 ³lnoud
500 755 609 828 focile‘.

261 864 326 930 Sed
356 865 419 930 iam
449 865 491 929 od
520 864 659 944 reliquos
689 863 861 945 scriptores
882 865 1060 930 redeamus.
1105 864 1210 943 Atque

175 965 228 1032 hic
239 967 356 1031 iterum
369 967 458 1032 nobis
469 970 639 1032 occurrunt
649 968 760 1049 paucis
769 967 911 1049 exceptis
926 985 1031 1032 rerum
1046 972 1209 1047 gestarum

175 1067 356 1149 scriptores
378 1070 433 1150 qui
454 1069 515 1133 hoc
537 1068 697 1151 porticulo
726 1069 778 1135 usi
800 1075 883 1134 sunt.
926 1069 966 1133 Id
988 1075 1096 1132 nutem
1118 1085 1211 1149 prue-

176 1171 366 1235 monendnm
389 1189 458 1237 esse
479 1176 568 1252 puto,
589 1171 775 1253 plerumque
802 1165 902 1260 ‚lrnud‘
935 1170 975 1236 ab
997 1170 1038 1237 iis
1060 1187 1131 1235 cum
1153 1170 1211 1234 ad·

174 1272 296 1337 nerbiis
322 1279 355 1338 et
385 1272 555 1339 adiectiuis
593 1272 756 1354 coniungi,
787 1274 885 1339 semel
913 1272 981 1339 iere
1009 1276 1137 1337 tuntum
1169 1270 1211 1336 ab

175 1393 364 1456 unoquoque
385 1394 493 1442 eornm
516 1393 599 1460 curn,
609 1376 716 1442 uerbo.
753 1375 824 1442 Non
846 1376 953 1442 inueni
975 1380 1083 1441 entem
1110 1366 1207 1463 lroud‘

175 1476 319 1541 inlibris
347 1477 492 1557 Palladii,
515 1478 678 1545 rhetorum
699 1479 866 1559 minorum,
888 1496 967 1559 quos
989 1476 1093 1542 edidit
1114 1475 1211 1541 Coro-

175 1578 227 1643 lus
260 1579 424 1663 Halmius,
462 1582 510 1648 Ve
532 1582 605 1661 etii,
636 1582 867 1664 Augustini1),
900 1579 1030 1646 Daretis
1067 1577 1208 1661 Phrygii,

175 1679 291 1747 Alcimi
312 1682 412 1774 Auiti,
443 1684 476 1749 in
494 1602 641 1749 {storia
672 1683 833 1765 Apollonii
864 1684 950 1764 regis
972 1683 1058 1765 Tyri,
1088 1681 1120 1746 in
1151 1680 1210 1745 Ju-

176 1783 307 1849 stiuicni
329 1805 461 1868 corpore
488 1787 568 1852 iuris
589 1787 673 1868 quod
695 1791 839 1868 uocatur,
862 1786 967 1867 quood
988 1784 1117 1866 quidem
1138 1781 1210 1863 legi.

261 1887 378 1953 Eorum
407 1889 598 1971 scriptorum
628 1909 646 1955 e
675 1907 825 1968 numero,
856 1906 989 1969 quorum
1017 1887 1049 1952 in
1080 1883 1210 1966 scriptis

179 1983 282 2077 ‚lroud‘
314 1997 460 2073 apparet,
487 1993 625 2073 primum
660 1991 713 2058 hic
744 1989 904 2072 proferam
936 1989 1049 2060 incerti
1070 1985 1211 2052 auctoris

174 2092 374 2159 itinerarium
396 2094 571 2160 Alexandri
592 2094 712 2177 Magni,
734 2095 824 2160 cuius
847 2099 958 2160 auctor
979 2091 1210 2158 Sallustianum

175 2211 350 2259 sermonem
371 2194 517 2262 imitatus
546 2215 607 2261 non
629 2197 767 2262 discedit
794 2197 827 2262 in
849 2195 1031 2261 adhibendo
1051 2194 1113 2258 hoc
1134 2212 1209 2273 pnr-

175 2295 275 2362 ticulo
307 2298 424 2379 alege
454 2299 610 2364 communi
641 2297 743 2382 (haud
766 2298 912 2379 emplius,
944 2297 1057 2377 minus,
1088 2294 1208 2377 procul,

175 2396 266 2476 leuis,
288 2398 406 2481 disper,
434 2400 546 2481 facilis,
568 2401 799 2484 pronuntiare).
831 2399 998 2466 Proximus
1020 2398 1210 2464 tractandus

175 2505 225 2565 est
246 2501 394 2568 Aurelius
416 2503 543 2586 Victor,
574 2504 662 2585 opud
690 2522 784 2587 quem
805 2501 984 2572 inncnimus
1017 2492 1119 2591 paun‘
1153 2517 1210 2563 un-

175 2601 280 2668 decies
302 2611 377 2669 onte
398 2606 553 2672 aduerbia
574 2605 725 2695 (procul,
747 2603 930 2686 difficulter,
952 2604 1083 2682 modice,
1106 2600 1210 2679 dubie,

176 2721 276 2786 secus,
293 2705 403 2786 multo,
418 2708 624 2787 incommode,
639 2709 797 2787 multum),
813 2707 911 2773 semel
925 2713 1001 2773 onte
1015 2704 1209 2771 adiectiuum

176 2807 319 2892 (inanis),
340 2810 439 2874 semel
470 2829 542 2876 cum
573 2810 670 2876 uerbo
693 2810 894 2876 coniunctum
916 2808 1046 2893 (egere).
1090 2807 1210 2872 Similis

176 2913 227 2975 est
247 2927 324 2976 usus
346 2912 379 2976 in
401 2911 539 2993 epitome
560 2930 599 2978 ex
621 2912 689 2977 eius
710 2911 792 2979 libro
814 2911 869 2993 qui
886 2910 1072 2977 inscribitur
1090 2908 1210 2998 ,ilcest-

174 3004 232 3077 res‘
256 2997 358 3094 facte,
389 3015 451 3080 nisi
480 3016 565 3095 quod
594 3014 659 3081 illic
689 3015 826 3097 primum
849 3017 954 3079 exstat
975 3011 1093 3079 locutio
1119 3009 1209 3102 ³lnoud

175 3114 269 3180 modo
281 3117 391 3181 -sed
406 3111 522 3197 etinm‘,
543 3135 638 3201 quam
652 3135 808 3199 nusquam
831 3116 893 3182 nisi
914 3115 1064 3182 hocloco
1086 3114 1209 3196 legi.—

175 3216 247 3283 Jom
270 3226 448 3302 sequnntur
469 3220 533 3286 duo
554 3221 736 3302 scriptores,
765 3219 940 3302 Eutropius
970 3223 1004 3284 et
1024 3216 1128 3284 Rulus
1149 3216 1209 3281 Fe

174 3324 254 3400 stus,
275 3320 330 3403 qui
351 3330 389 3385 ut
410 3323 442 3388 in
465 3322 537 3388 nliis
558 3322 663 3405 rebus,
685 3323 733 3389 ita
754 3323 852 3388 etiam
881 3322 915 3387 in
936 3339 996 3387 usu
1018 3318 1113 3385 huius
1135 3338 1209 3400 por·

175 3423 291 3489 ticulae
312 3423 407 3505 plene
429 3444 501 3491 cum
525 3424 617 3490 Liuio
640 3430 827 3506 congruunt.
869 3424 949 3491 (lum
971 3422 1079 3490 uerbis
1100 3427 1208 3488 nutem

175 3543 245 3592 eom
268 3525 331 3592 iem
354 3545 414 3592 non
430 3528 668 3610 coniunxerunt,
690 3528 747 3592 sed
767 3545 840 3593 roro
861 3530 988 3592 tantum
1010 3543 1083 3591 cum
1104 3524 1209 3590 ediec-

174 3627 252 3694 tiuis
278 3635 313 3695 et
341 3630 502 3697 nduerbiis
528 3630 593 3696 illis
622 3631 655 3696 in
684 3631 745 3697 hac
772 3649 808 3696 re
837 3628 1056 3695 usitatissimis
1091 3626 1209 3716 dubie,

173 3730 276 3813 longe,
297 3731 409 3813 multo,
429 3734 549 3816 procul,
571 3726 706 3800 dubius.
742 3731 847 3800 Semel
869 3731 967 3798 etiam
988 3728 1080 3797 nobis
1101 3745 1209 3796 occur-

265 4060 298 4142 1)
319 4062 439 4140 Perlegi
467 4063 530 4123 eino
560 4064 662 4139 libros,
693 4062 747 4143 qni
775 4061 982 4123 inscribuntur
1011 4060 1057 4134 ,de
1087 4057 1210 4119 ciuitate

175 4151 233 4212 dei‘
255 4155 286 4211 et
306 4150 537 4226 ,confessionem
