3109 5159
862 604 866 612 v

769 619 981 690 -18-

361 799 458 877 atque
480 799 585 875 antea,
607 796 693 875 quod
709 796 825 860 mirum
847 816 910 861 non
932 802 992 878 est,
1014 796 1099 876 quia,
1121 801 1158 861 ut
1180 796 1266 860 inter
1286 814 1397 861 omnes

363 901 499 978 constat,
523 896 557 961 hi
579 902 646 962 tres
662 898 835 978 scriptores
852 903 980 979 praeter
995 903 1117 962 ceteros
1139 898 1249 979 generi
1271 897 1399 963 dicendi

362 1001 540 1082 priscorum
556 1006 734 1081 temporum
750 1000 951 1065 studuerunt.
983 999 1134 1064 Idunum
1150 1000 1300 1079 addatur,
1316 1017 1398 1064 sem·

362 1120 422 1185 per
452 1102 539 1183 apud
560 1102 751 1167 Frontonem
781 1107 816 1167 et
837 1102 1008 1183 Apuleium
1038 1118 1203 1166 occurrere
1228 1099 1398 1165 formulam

365 1204 458 1294 baud
487 1198 596 1269 sciam‘
636 1224 695 1287 pro
734 1203 827 1294 baud
856 1198 925 1268 scio‘
967 1202 1158 1283 reliquorum
1196 1203 1398 1283 scriptorum,
1427 1287 1431 1294 ,

363 1324 459 1387 quam
481 1303 650 1370 formulam
680 1306 742 1372 nisi
772 1306 860 1386 apud
883 1304 1064 1370 Ciceronem
1096 1311 1130 1369 et
1151 1304 1280 1369 Liuium
1302 1311 1399 1369 antea

363 1426 521 1489 nusquam
543 1409 686 1490 repperi:
706 1412 820 1491 postea
843 1413 948 1473 autem
972 1406 1069 1471 semel
1093 1406 1180 1487 apud
1199 1406 1399 1471 Obalcidium

362 1514 396 1574 et
417 1510 450 1574 in
473 1509 613 1590 epistula
634 1509 838 1592 imperatoris
855 1508 1025 1574 Theodosii
1047 1509 1132 1573 inter
1146 1509 1280 1573 Ausonii
1299 1526 1400 1590 opera

363 1615 511 1677 exstante
532 1614 639 1693 posita
662 1617 720 1677 est.

447 1713 509 1779 His
538 1713 750 1794 scriptoribus
778 1714 930 1778 tractatis
952 1711 1218 1792 comprehendam
1240 1728 1311 1790 eos,
1343 1711 1399 1792 qui

361 1816 512 1881 aixerunt
549 1815 589 1884 ab
624 1814 762 1896 Apuleio
803 1834 904 1896 usque
938 1815 979 1878 ad
1019 1813 1155 1879 Marium
1190 1814 1399 1893 Victorinum,

362 1919 606 1999 grammaticum
623 1916 714 1982 illum
728 1918 859 1982 minime
874 1916 1098 1999 spernendum.
1130 1916 1179 1981 De
1200 1916 1295 1980 buius
1318 1922 1398 1980 tem-

361 2020 450 2101 poris
465 2019 677 2101 scriptoribus
693 1998 820 2084 omnin’o
836 2020 1002 2085 dicendum
1022 2022 1082 2097 est,
1103 2019 1288 2082 memoriam
1302 2018 1399 2082 huius

364 2121 547 2202 negationis
576 2123 662 2203 apud
696 2141 749 2188 eos
781 2140 883 2203 paene
916 2121 1105 2186 exstinctam
1136 2118 1245 2184 luisse.
1288 2118 1399 2200 Neque

362 2223 447 2287 enirn
469 2229 575 2288 exstat
597 2224 684 2305 apud
705 2223 895 2306 Ampelium‚
911 2223 998 2306 apud
1015 2221 1169 2286 Granium
1187 2221 1397 2300 Licinianum,

363 2325 450 2407 apud
462 2324 577 2390 Gaium
591 2326 631 2406 ¹),
646 2326 732 2407 apud
744 2325 917 2391 Minucium
933 2325 1080 2390 Felicem.
1103 2324 1172 2388 Non
1187 2325 1235 2388 ita
1248 2323 1398 2405 frequens

362 2435 412 2492 est
445 2429 477 2492 in
508 2428 638 2509 scriptis
669 2427 859 2492 Tertulliani
892 2427 1109 2510 (hauddum,
1141 2427 1264 2505 minus,
1293 2424 1398 2505 facile,

361 2547 492 2611 gnarus,
521 2529 722 2609 desiderare,
751 2530 872 2609 mirari,
903 2529 1013 2608 latere,
1042 2548 1132 2610 queo,
1161 2528 1307 2594 iussurus
1328 2527 1398 2606 (11),

361 2631 459 2696 semel
480 2630 589 2696 inueni
610 2630 644 2695 in
666 2631 903 2695 commentariis
925 2630 1170 2712 Porphyrionis3
1193 2629 1398 2693 desideratur

361 2737 468 2797 autem
490 2733 524 2797 in
546 2733 790 2813 commentariis,
812 2734 868 2815 qui
889 2732 949 2799 sub
971 2731 1098 2796 Helenii
1114 2732 1247 2796 daronis
1270 2731 1398 2795 nomine

362 2835 509 2914 quamuis
531 2833 612 2900 lalso
633 2833 790 2905 feruntur.

446 2934 546 3001 Porro
564 2931 666 3026 ‚lraud‘
685 2957 747 3002 non
759 2944 868 3003 exstat
882 2939 914 3004 in
927 2938 1093 3004 Censorini
1107 2937 1200 3015 libro,
1211 2934 1266 3016 qui
1282 2939 1333 2999 est
1351 2935 1397 3022 ‚de

362 3036 415 3101 die
434 3032 564 3117 natali‘3
595 3039 693 3105 semel
717 3039 782 3122 legi
810 3041 843 3104 in
870 3039 967 3106 Plinii
989 3040 1153 3105 Valeriani
1175 3037 1333 3118 excerptis
1358 3055 1396 3101 ex

361 3137 499 3220 Gargilii
514 3139 674 3227 Martialis
696 3141 788 3207 libris
809 3139 906 3206 factis
930 3141 1032 3224 (baud
1046 3141 1230 3221 inutiliter).
1262 3138 1395 3221 Neglec-

361 3249 430 3304 tum
453 3245 503 3306 ast
523 3241 719 3325 aGypriano
741 3249 774 3309 et
795 3242 1075 3324 acommodian03
1099 3243 1268 3324 aliquoties
1291 3242 1395 3305 denuo

360 3342 478 3423 legitur
499 3346 587 3425 apud
609 3345 750 3411 Solinum
773 3346 974 3411 coniunctum
997 3363 1068 3411 cum
1090 3344 1259 3410 adiectiuis
1282 3348 1316 3408 et
1337 3343 1395 3407 ad·

360 3445 497 3527 uerbils,
519 3448 575 3527 qui
604 3449 681 3529 quin
709 3468 748 3513 ex
770 3447 867 3513 Plinii
888 3448 1029 3529 maioris,
1052 3448 1192 3513 auctoris
1214 3446 1275 3525 sui,
1301 3445 1394 3511 libris
1433 3521 1440 3536 Ι

448 3689 475 3761 1)
497 3688 712 3749 Jureconsultis
726 3689 844 3748 uidetur
858 3681 955 3774 ‘haud‘
976 3691 1097 3750 minime
1112 3691 1267 3767 placuisse,
1283 3690 1394 3770 quippe

361 3791 487 3850 quorum
520 3773 552 3832 in
592 3774 710 3849 scriptis
743 3775 895 3848 omnibus,
936 3796 1013 3855 quae
1046 3777 1133 3836 nobis
1162 3785 1284 3849 ,seruata
1315 3784 1393 3849 sunt,

359 3850 457 3943 'haud‘
476 3860 644 3917 inuenerim
666 3859 713 3917 his
735 3859 820 3932 locis,
851 3861 886 3919 de
916 3863 1024 3940 quibus
1046 3864 1136 3921 etiam
1158 3862 1293 3921 dubitare
1314 3862 1393 3934 licet,

359 3961 425 4001 cunr
444 3963 505 4003 non
521 3963 623 4002 omnes
638 3945 771 4003 codicum
786 3946 962 4005 auctoritate
977 3948 1126 4008 nitantur:
1153 3949 1258 4022 fragm.
1273 3947 1393 4022 iurispr.

359 4029 498 4089 anteiust.
521 4027 580 4106 (ed.
602 4027 760 4108 Huschke)
790 4049 857 4107 pag.
875 4032 945 4104 736,
970 4053 1000 4093 n.
1021 4039 1088 4093 113.
1121 4035 1200 4091 haud
1224 4032 1393 4092 constituta.

358 4132 425 4189 pag.
450 4116 521 4174 761.
544 4133 574 4172 n.
598 4118 659 4172 242
689 4116 767 4172 haud
799 4116 973 4192 impetrasse
1002 4125 1115 4180 ut....
1145 4119 1217 4177 ibid.
1240 4137 1306 4194 pag.
1331 4116 1392 4176 766

358 4218 388 4257 n.
411 4195 482 4258 249.
504 4197 577 4258 haut
598 4197 696 4259 litium
718 4219 806 4260 causa
827 4202 1018 4278 peruulgatis.
1040 4205 1113 4264 ibid.
1135 4224 1165 4281 p.
1189 4204 1261 4263 797.
1284 4208 1319 4277 3,
1354 4209 1389 4261 11

359 4281 530 4364 (Huschke)
555 4283 635 4343 haud
656 4304 718 4346 rem
738 4293 833 4346 ratam
855 4288 1034 4350 habiturum.
