3109 5159
702 465 982 570 424-

356 637 454 704 semel
476 636 665 704 locutionem
690 638 784 727 ‚haud
805 629 923 718 multo‘3
946 639 1140 722 Apollinaris
1155 638 1304 705 Sidonius
1325 637 1390 720 pri-

357 758 443 806 mum
464 739 496 805 in
519 740 665 823 epistulis
687 741 753 806 suis
774 739 923 806 adhibuit
944 742 1042 807 semel
1067 743 1159 831 ,haud
1175 731 1385 824 aspernanter

356 845 390 907 et
415 839 507 930 haud
528 836 703 908 incassum‘.
1016 901 1017 906 ,
1305 891 1309 902 .

443 941 619 1024 Aliquoties
636 945 751 1012 deinde
767 951 873 1011 exstat
892 941 992 1035 ‚haud‘
1012 947 1043 1011 in
1060 947 1208 1012 Mamerti
1222 943 1391 1012 claudiani

357 1044 457 1125 libris,
480 1045 625 1126 quisunt
652 1047 696 1136 de
711 1052 800 1112 statu
815 1043 944 1114 animae‘
971 1050 1093 1129 (dubie,
1108 1049 1245 1130 impune,
1260 1051 1390 1123 temere,

357 1167 426 1229 par,
455 1148 627 1225 intendere,
649 1151 923 1231 animaduertere,
953 1152 1161 1234 intellegere).
1204 1150 1314 1215 Victor
1334 1147 1391 1213 Vi·

357 1251 456 1316 tensis
487 1250 537 1316 bis
567 1252 715 1319 adhibuit
747 1254 840 1343 haud
869 1250 1001 1336 procul‘;
1032 1256 1158 1320 idacius
1187 1250 1284 1318 semel
1315 1266 1392 1314 usus

358 1355 408 1417 est
441 1352 530 1441 haud
560 1348 657 1435 longe‘
690 1359 724 1421 et
756 1356 848 1445 haud
878 1351 1034 1440 unquam‘,
1066 1357 1115 1422 bis
1149 1354 1240 1444 haud
1262 1345 1392 1435 procul3

358 1454 444 1534 apud
467 1454 629 1521 Sedulium
652 1458 748 1522 semel
777 1458 809 1522 in
832 1458 1028 1541 praefatione
1051 1457 1216 1536 carminis,
1238 1455 1322 1538 quod
1343 1454 1391 1518 in·
1458 1439 1467 1456 ⁸

358 1555 509 1622 scribitur
533 1554 709 1647 ³Paschale‘,
731 1560 865 1642 legimus
891 1562 981 1651 haud
1005 1556 1154 1643 diligeref.

443 1659 573 1725 Boetius
593 1661 625 1725 in
644 1660 725 1727 libro
748 1683 815 1743 suo,
837 1666 893 1747 qui
907 1663 1091 1731 inscribitur
1118 1665 1162 1752 de
1179 1660 1392 1727 consolatione

358 1756 594 1842 philosophiae,
624 1765 722 1830 semel
743 1766 873 1849 scripsit
904 1766 995 1856 haud
1018 1768 1128 1847 aliter,
1158 1765 1303 1843 multum,
1332 1763 1392 1827 irn-

359 1862 483 1943 merito,
505 1864 560 1944 sic,
583 1861 725 1949 cessare‘,
757 1868 807 1934 bis
833 1869 925 1957 haud
946 1866 1080 1949 iniuria‘3
1109 1871 1142 1934 in
1170 1866 1302 1946 reliquis
1324 1864 1393 1930 eius

358 1963 486 2058 scriptis
521 1967 619 2032 semel
649 1974 775 2034 tantum
804 1975 911 2036 exstat
952 1966 1054 2060 hand‘
1090 1971 1290 2038 coniunctum
1320 1984 1392 2033 cum

358 2068 542 2149 pronomine
578 2066 767 2157 puisquam‘.
811 2073 849 2137 In
876 2073 1015 2138 Ennodii
1048 2073 1176 2155 scriptis
1206 2069 1315 2136 inueni
1342 2067 1393 2132 bis

363 2168 453 2257 haud
476 2166 611 2253 procul‘,
641 2174 738 2239 semel
771 2174 863 2263 haud
885 2170 971 2241 liber‘
1004 2182 1038 2243 et
1064 2176 1156 2265 haud
1177 2165 1313 2239 inscius‘.
1355 2171 1392 2233 In

360 2269 552 2336 Cassiodorii
580 2273 681 2355 libris,
709 2294 789 2356 quos
811 2278 939 2360 quidem
969 2279 1050 2360 legi,
1083 2279 1132 2343 bis
1155 2275 1232 2343 mihi
1254 2272 1394 2341 occurrit

364 2372 455 2462 haud
476 2367 588 2440 inrite‘.
633 2378 838 2444 Marcellinus
859 2379 970 2445 Comes
1001 2381 1033 2445 in
1064 2379 1219 2446 chronicis
1248 2376 1314 2440 suis
1345 2374 1395 2437 bis

360 2473 489 2555 scripsit
514 2476 605 2565 haud
627 2474 737 2562 longe‘,
770 2482 867 2547 semel
904 2482 995 2571 haud
1018 2477 1161 2564 paucus‘.
1206 2478 1299 2561 Apud
1322 2477 1394 2541 Jor-

361 2578 474 2642 danem
497 2580 593 2644 semel
615 2586 742 2647 exstant
768 2583 860 2672 haud
882 2585 985 2667 longe,
998 2585 1117 2667 procul,
1139 2585 1301 2659 obscurus,
1323 2596 1394 2657 seg·

361 2678 419 2754 nie,
450 2675 618 2762 premere‘,
651 2689 702 2750 ter
736 2685 829 2773 ‚haud
858 2682 966 2753 secus‘.
998 2724 1040 2734 -
1074 2686 1184 2752 Ultimi
1212 2682 1395 2762 scriptores,

361 2800 495 2863 quorum
517 2782 615 2848 libros
646 2787 776 2869 perlegi,
806 2789 978 2870 Gregorius
999 2789 1190 2854 Turonensis
1218 2789 1251 2850 et
1273 2780 1394 2860 Eugip-

361 2882 434 2964 pius
456 2890 547 2965 sunt,
580 2888 666 2968 apud
697 2908 778 2972 quos
797 2891 903 2957 inueni
940 2892 1032 2980 haud
1054 2892 1163 2972 longe,
1190 2904 1290 2964 secus,
1322 2901 1395 2964 pro-

362 2979 441 3065 cul',
471 2987 696 3056 usitatissimas
725 2992 798 3059 illas
819 2992 979 3060 formulas.
1023 2996 1061 3058 In
1088 2991 1234 3074 Gregorii
1262 2983 1397 3051 historia

362 3088 556 3155 Francorum
577 3098 743 3173 praeterea
764 3102 871 3162 exstat
891 3097 987 3162 semel
1012 3096 1105 3183 haud
1126 3082 1317 3176 longaeuus‘.

449 3190 619 3269 Vocabula,
637 3197 823 3276 quibuscum
839 3204 952 3280 poetae
973 3198 1059 3265 illius
1078 3197 1195 3264 aetatis
1217 3195 1299 3259 hanc
1321 3208 1395 3271 par·

363 3290 492 3357 ticulam
509 3295 745 3381 coniunxerunt,
761 3300 872 3365 eadem
887 3298 954 3366 fere
968 3293 1054 3380 sunt',
1076 3300 1191 3365 utiam
1206 3314 1304 3378 supra
1319 3292 1395 3365 dixi,

277 3419 279 3423 ’
363 3399 460 3476 atque
487 3397 573 3478 apud
603 3400 797 3481 Vergilium,
827 3419 919 3482 quem
948 3404 1120 3484 praecipue
1149 3403 1182 3467 in
1204 3394 1396 3464 carminibus

363 3497 431 3562 suis
453 3503 676 3581 componendis
698 3508 858 3569 auctorem
881 3506 1033 3570 sermonis
1055 3505 1156 3570 secuti
1178 3507 1261 3568 sunt.

451 3600 515 3667 Sed
542 3604 697 3671 uocabula
723 3608 794 3689 ipsa
816 3624 915 3688 aeque
948 3613 1045 3690 atque
1077 3607 1163 3690 apud
1185 3622 1248 3684 eos,
1270 3601 1325 3684 qui
1346 3618 1396 3664 so-

364 3704 433 3769 luta
455 3704 597 3771 oratione
625 3708 674 3773 usi
696 3713 779 3788 sunt,
803 3710 940 3775 maxima
972 3730 1010 3776 ex
1032 3715 1124 3791 parte
1146 3713 1218 3774 sunt
1243 3703 1396 3770 aduerbia

364 3811 460 3887 atque
475 3807 644 3875 adiectiua.
678 3810 951 3878 commemorandi
969 3817 1076 3878 autem
1096 3814 1171 3876 sunt
1195 3811 1323 3891 praeter
1346 3824 1396 3871 ce-

367 3914 460 3992 teros,
482 3910 537 3992 qui
561 3912 732 3977 admodum
756 3933 829 3979 raro
851 3913 933 3979 hanc
955 3914 1144 3997 particulam
1174 3910 1397 3986 adhibuerunt,

365 4010 538 4092 Juuencus,
571 4013 718 4095 Auienus,
740 4015 934 4082 Prudentius
956 4016 1108 4096 Clemens
1131 4014 1282 4083 Claudius
1305 4011 1398 4078 Glau-

362 4116 490 4198 dianus,
513 4115 683 4198 Oorippus3
717 4136 778 4184 non
807 4118 857 4185 usi
886 4123 961 4184 sunt
983 4118 1043 4184 hac
1064 4118 1231 4200 negatione
1254 4116 1397 4183 Commo-
