3109 5159
749 518 961 585 -Ῑὸ-

337 689 458 756 talibus
479 688 558 755 locis
579 687 684 770 qualis
707 695 772 755 est:
815 689 889 755 Tac.
913 708 984 754 ann.
1010 687 1059 768 14,
1081 688 1140 754 48:
1189 689 1282 781 ‚haud
1303 709 1378 773 per·

338 794 414 859 inde
435 794 567 859 exitium
583 790 741 856 Antiocho
763 810 860 873 quam
875 791 1063 873 imperatori
1085 790 1220 872 gloriam
1243 786 1377 873 quaeri‘.

339 895 377 959 In
409 895 450 960 iis
472 900 579 959 autem
602 893 696 974 locis,
729 894 762 957 in
794 894 909 975 quibus
931 893 1131 958 enuntiatum
1167 890 1271 982 ‚quam‘
1305 914 1378 961 con-

339 997 502 1063 iunctione
517 995 699 1061 incohatum
716 997 817 1076 deest,
839 995 933 1061 facile
947 995 1090 1076 suppleri
1104 1001 1222 1077 potest,
1246 1001 1282 1061 ut
1305 1016 1378 1061 ann.

341 1100 397 1180 12,
428 1099 488 1164 40:
527 1118 567 1164 ne
604 1098 709 1163 diuisa
747 1098 834 1163 hand
865 1093 999 1180 perinde
1034 1098 1076 1162 ad
1107 1099 1292 1163 memoriam
1328 1100 1380 1165 sui

339 1201 486 1270 ualerent
508 1201 595 1279 (scilz
619 1219 714 1281 quam
737 1202 927 1280 coniuncta).
942 1237 984 1246 —
1007 1201 1154 1265 Handius
1169 1203 1199 1283 ¹)
1225 1201 1375 1290 ‚perinde‘

339 1305 373 1369 in
395 1323 525 1369 numero
541 1303 676 1388 aliorum
692 1302 927 1383 aduerbiorum,
949 1302 1136 1384 quibuscum
1163 1299 1268 1392 ,haud‘
1304 1323 1380 1369 con-

340 1406 494 1488 iungitur,
511 1406 720 1484 enumerarit,
736 1405 846 1486 qualia
860 1411 936 1470 sunt
962 1406 1031 1493 ‚diu
1047 1406 1178 1486 dudum,
1195 1425 1301 1488 saepe,
1323 1409 1380 1485 ita,

342 1502 440 1574 secus‘
473 1509 547 1588 alia,
578 1508 784 1573 adnotatione
807 1509 949 1573 adiecta:
984 1509 1023 1596 ²in
1051 1508 1197 1573 omnibus
1226 1507 1277 1573 his
1301 1508 1381 1588 (scil.

340 1610 568 1694 locutionibus)
592 1610 763 1675 reddendis
787 1610 938 1676 Germani
961 1616 1096 1675 utuntur
1112 1611 1270 1676 uocabulo·
1292 1606 1382 1700 ‚gar‘,

341 1733 423 1795 quae
444 1733 497 1778 res
520 1732 592 1778 mea
604 1714 732 1794 quidem
748 1714 911 1779 sententia
932 1720 970 1777 ut
991 1714 1023 1777 in
1041 1713 1181 1794 reliquas
1196 1713 1381 1793 locutiones

342 1818 390 1882 ita
419 1817 452 1881 in
475 1816 557 1881 hanc
578 1835 641 1880 non
663 1817 812 1896 quadrat.
834 1853 877 1863 —
906 1816 1041 1897 Reliqua
1062 1815 1227 1897 uocabula,
1250 1816 1381 1897 quibus-

342 1939 412 1985 cum
444 1918 578 1985 Tacitus
612 1912 714 2006 ‚haud‘
757 1920 937 1999 coniunxit,
966 1919 1136 1983 maximam
1166 1924 1308 1999 partem,
1345 1929 1383 1982 ut

220 2058 223 2062 ,
342 2022 429 2104 apud
451 2022 532 2086 alios
555 2021 741 2102 scriptores,
764 2022 926 2086 adiectiua
955 2026 989 2086 et
1011 2020 1166 2085 aduerbia
1196 2025 1289 2099 sunt;
1318 2019 1382 2085 fre·

341 2130 475 2206 quenter
506 2143 583 2189 uero
613 2124 656 2188 ad
686 2123 786 2189 uerba
813 2142 938 2206 quoque
967 2124 1116 2205 neganda
1146 2141 1184 2187 eo
1215 2141 1292 2187 usus
1323 2115 1383 2199 est,

341 2227 440 2293 Deest
462 2231 569 2292 autem
593 2227 680 2308 apud
702 2245 772 2291 eum
797 2227 892 2308 plane
917 2226 1012 2315 ‚hand
1033 2220 1118 2305 sciri,
1140 2244 1223 2306 quae
1245 2224 1384 2290 formula

344 2329 473 2393 omnino
514 2328 678 2394 historicis
698 2348 773 2393 non
805 2347 905 2410 aeque
935 2329 1058 2410 placuit
1095 2335 1192 2409 atque
1230 2328 1385 2394 Ciceroni.

345 2430 444 2495 Deest
463 2449 558 2512 porro
583 2425 690 2521 ‚haud‘
716 2439 846 2497 auctum
869 2433 938 2497 siue
960 2432 1117 2496 minutum
1132 2431 1296 2496 uocabulis
1322 2432 1385 2522 ita,

344 2531 420 2612 fere,
443 2526 538 2613 sane‘,
560 2534 623 2599 nisi
638 2535 722 2615 quod
737 2534 924 2600 semelann.
948 2534 977 2613 3,
992 2534 1052 2598 41:
1079 2535 1172 2624 ³haud
1198 2533 1298 2599 ferme
1319 2535 1386 2598 ulla

347 2629 492 2710 ciuitas‘,
527 2642 561 2700 et
590 2636 666 2701 hist.
698 2637 735 2716 3,
766 2639 824 2703 75:
871 2638 923 2702 hic
952 2638 1058 2702 exitus
1083 2636 1158 2701 ‘uiri
1189 2637 1276 2701 haud
1309 2656 1386 2702 sane

346 2732 529 2819 spemendi‘
568 2738 658 2804 dixit
704 2738 769 2805 Sub
807 2738 901 2805 finem
933 2741 1065 2820 aetatis,
1103 2741 1144 2805 de
1174 2740 1264 2805 cuius
1293 2741 1387 2805 modo

348 2839 559 2921 scriptoribus
575 2841 722 2921 disserui,
737 2841 920 2924 proferendi
935 2848 1011 2908 sunt
1026 2842 1197 2908 Suetonius
1212 2849 1245 2907 et
1260 2843 1385 2923 Florus

346 2960 478 3023 quorum
510 2961 549 3007 ex
578 2961 639 3008 usu
669 2943 764 3009 huius
796 2944 974 3025 particulae
1005 2944 1084 3009 nihil
1115 2946 1190 3009 noui
1217 2946 1386 3011 addiscere

346 3062 525 3125 possumus.
570 3044 712 3128 Uterque
740 3047 824 3112 enim
854 3047 1084 3112 usitatissimas
1115 3053 1241 3112 tantum
1272 3047 1386 3113 locuti-

348 3164 425 3210 ones
457 3165 577 3228 easque
602 3167 736 3229 perraro
765 3148 915 3238 praebet3
946 3150 1022 3229 quin
1053 3150 1151 3213 etiam
1174 3149 1288 3215 Florus
1310 3157 1386 3216 ante

226 3326 228 3329 ⁴
347 3247 502 3313 aduerbia
525 3254 650 3316 tantum
673 3270 741 3317 eam
765 3251 884 3333 posuit.

433 3351 601 3432 Reliquum
624 3360 683 3433 est,
705 3359 743 3417 ut
758 3372 863 3435 pauca
878 3354 982 3419 dicam
1005 3353 1046 3418 de
1068 3354 1181 3434 poetis,
1204 3356 1245 3420 de
1266 3356 1383 3437 quibus

348 3454 434 3519 idem
458 3456 648 3519 contendere
670 3474 801 3537 possum
823 3457 907 3537 quod
930 3457 971 3520 de
992 3456 1096 3536 poetis
1119 3459 1237 3523 aetatis
1260 3466 1385 3525 antece·

347 3556 462 3620 dentis.
506 3554 640 3622 Praeter
661 3565 784 3622 ceteros
806 3559 889 3623 enim
912 3558 971 3623 hoc
992 3558 1147 3623 uocabulo
1170 3561 1219 3625 usi
1242 3566 1326 3641 sunt,
1349 3567 1405 3626 ut·

347 3664 588 3740 praetereamus
610 3677 693 3724 nunc
712 3658 851 3725 Senecae
873 3658 1008 3740 fabulas,
1031 3662 1055 3725 ii
1075 3668 1189 3743 poetae
1211 3663 1266 3745 qui
1288 3663 1385 3729 hexa-

347 3768 484 3826 metrum
524 3780 652 3826 uersum
689 3769 944 3844 usurpauernnt,
979 3769 1016 3827 ut
1044 3764 1209 3845 Lucanus,
1238 3766 1386 3833 Valerius

347 3863 492 3942 Flaccus,
512 3861 609 3928 Silius
629 3863 772 3943 Italicus,
786 3863 941 3946 Papinius
958 3865 1091 3932 Statius.
1126 3868 1190 3934 Sed
1212 3868 1246 3932 hi
1267 3887 1386 3950 omnes

347 3964 520 4046 praecipue
548 3969 656 4030 autem
688 3966 836 4032 Valerius
861 3967 1012 4049 Flaccus,
1041 3971 1177 4037 maxime
1208 3971 1384 4054 Vergilium

347 4102 551 4113 ——--—-—

438 4166 468 4263 1)
490 4174 528 4233 of.
550 4171 742 4236 Tursollinus.
778 4176 839 4254 III,
861 4186 891 4257 p.
912 4183 961 4257 22,
977 4182 1027 4242 23.
