3109 5159
747 548 961 620 ..12-

335 717 470 798 subieci,
499 719 609 785 uidere
635 718 726 786 licet:
769 719 840 785 Liu.
863 722 894 799 9,
918 722 967 801 ll,
993 717 1123 785 hhaud
1145 718 1292 803 equidem
1314 720 1370 786 ab·

336 840 398 886 nuo
420 824 582 904 egregium
606 823 717 889 ducem
740 822 841 889 fuisse
862 823 1093 901 Alexandrum,
1123 824 1181 888 sed
1203 822 1370 889 clariorem

336 928 443 988 tamen
465 974 473 990 .
497 976 504 990 .
528 975 536 990 .
559 975 567 989 .
589 927 641 1005 21,
665 925 693 1006 1,
716 928 736 991 2
767 933 800 991 et
821 926 909 991 haud
931 926 1057 1006 ignotas
1079 924 1154 990 helli
1177 930 1265 991 artes
1285 927 1372 992 inter

335 1044 415 1107 sese,
445 1029 500 1093 sed
529 1033 678 1109 expertas
699 1035 802 1110 primo
825 1028 943 1094 Punico
966 1028 1172 1093 conserebant
1203 1026 1296 1093 ballo.
1318 1026 1370 1108 25,

335 1129 387 1211 27,
411 1129 426 1194 1
452 1130 541 1196 haud
562 1150 678 1213 magna
699 1132 829 1213 oppida,
851 1136 990 1196 cetorum
1014 1130 1112 1196 clara.

420 1232 504 1298 Usus
518 1253 613 1317 porro
632 1235 693 1299 hac
707 1234 865 1317 particula
880 1238 966 1300 certe
988 1239 1037 1298 est
1051 1233 1221 1315 Pompeius
1236 1234 1370 1314 Trogus,

335 1352 528 1418 quamquam
558 1337 592 1402 id
619 1336 719 1403 firmis
747 1337 945 1419 argumentis
974 1336 1120 1403 stabilire
1149 1354 1209 1401 non
1231 1353 1370 1417 possum,

336 1438 393 1502 scd
408 1439 551 1514 conicere,
564 1445 688 1505 tantum
711 1449 757 1505 eu=
771 1441 909 1521 epitome
930 1458 951 1503 a
971 1440 1099 1505 lustino
1113 1459 1152 1504 ex
1166 1456 1262 1520 opere
1282 1437 1370 1502 illius

335 1537 430 1619 facta,
446 1559 527 1621 quae
537 1543 587 1610 6ὶθί
601 1543 683 1609 hanc
695 1543 893 1625 negationem
904 1542 1033 1607 exhibet
1044 1560 1144 1621 neque
1155 1546 1261 1605 tamen
1274 1540 1371 1605 aliter

335 1648 523 1725 usurpatam
553 1651 649 1726 atque
685 1665 765 1711 aeuo
795 1646 974 1725 Auguste03
1007 1662 1078 1707 nam
1107 1647 1214 1708 exstat
1243 1648 1369 1706 tantum

337 1748 411 1810 ante
427 1746 614 1813 aduerhium
639 1742 747 1837 ³secus‘
773 1755 807 1814 et
822 1748 980 1813 adiectiua
1006 1745 1149 1837 inferior,
1168 1746 1281 1825 laetuS,
1303 1764 1369 1810 me·

337 1842 470 1913 diocris‘.
492 1886 535 1895 -
557 1850 689 1916 Praeter
717 1851 775 1916 hos
797 1851 968 1933 scriptores
997 1848 1264 1915 commemorandi
1280 1852 1369 1916 ,sunt

336 1950 433 2015 etiam
448 1951 484 2017 L.
500 1954 648 2020 Annaeus
671 1953 792 2020 Seneca
813 1954 922 2019 rhetor
944 1954 999 2035 qui
1022 1957 1154 2018 uocatur
1174 1956 1208 2015 et
1229 1951 1369 2016 Rutilius

336 2052 458 2135 Lupus,
480 2074 612 2138 quorum
635 2058 769 2141 quisque
800 2058 898 2122 semel
925 2075 1001 2122 usus
1030 2061 1080 2120 est
1110 2054 1172 2119 hac
1192 2054 1369 2136 particula;

336 2155 393 2219 sed
424 2156 484 2223 loci
514 2158 561 2223 illi
591 2178 653 2224 non
684 2161 765 2224 satis
794 2160 936 2227 codicum
964 2159 1157 2224 auctoritate
1186 2155 1369 2236 fulciuntur,

336 2276 401 2339 qua
422 2260 462 2325 de
484 2280 519 2326 re
541 2262 573 2326 in
595 2263 700 2328 indice
722 2282 793 2328 meo
815 2282 918 2343 agam.

418 2362 543 2443 Restat,
566 2372 603 2430 ut
624 2368 735 2447 paucis
758 2365 942 2431 adumbrem
960 2383 1049 2429 usum
1065 2370 1241 2445 poetarum,
1256 2381 1368 2444 quam-

335 2464 386 2529 uis
416 2464 444 2529 is
473 2485 533 2531 non
556 2469 663 2550 magui
685 2470 835 2534 momenti
864 2469 908 2533 sit
929 2468 970 2531 ad
993 2467 1195 2531 iudicandam
1216 2465 1369 2529 sermonis

336 2564 429 2631 latini
451 2571 725 2651 consuetudinem,
756 2590 826 2636 cum
850 2571 953 2653 poetis
975 2569 1123 2633 liberiore
1145 2586 1288 2634 sermone
1320 2566 1368 2631 uti

336 2668 442 2735 liceat.
485 2672 646 2739 Ahercndi
668 2681 776 2740 autem
809 2679 884 2739 sunt
914 2672 1063 2740 hocloco
1086 2675 1214 2751 practer
1236 2674 1368 2747 ceteros,

336 2773 373 2834 ut
402 2770 466 2835 iam
497 2791 595 2857 supra
623 2779 705 2857 dixi,
735 2778 776 2859 ii,
808 2777 863 2860 qui
893 2793 987 2841 uersu
1016 2774 1201 2839 hexametro
1230 2771 1297 2837 solo
1317 2772 1369 2835 usi

336 2877 420 2938 sunt.
465 2875 554 2951 Quae
585 2899 656 2944 mea
678 2880 838 2946 sententia
859 2898 953 2961 quam
976 2883 1065 2944 recta
1087 2878 1139 2956 sit,
1168 2875 1242 2939 inde
1263 2872 1369 2953 colligi

336 2981 454 3055 potest,
481 2981 565 3059 quod
588 2981 723 3048 Ouidius
752 2985 785 3048 in
815 3001 852 3047 eo
884 2981 1040 3059 carmine,
1069 2980 1154 3061 quod
1184 2975 1369 3042 inscribitur

341 3076 642 3165 Metamorphoses,
658 3086 729 3151 lli*
745 3086 805 3150 hoc
821 3084 974 3150 uocabulo
990 3101 1066 3147 usus
1088 3085 1147 3158 est,
1168 3079 1200 3143 in
1223 3077 1369 3144 omnibus

337 3177 467 3262 reliquis
498 3183 565 3250 suis
588 3187 780 3253 carminibus
807 3188 872 3264 4⁰¹,
902 3186 956 3267 qui
977 3191 1083 3250 tamen
1114 3182 1174 3247 loci
1204 3179 1367 3246 nonsatis

338 3281 433 3348 certis
455 3286 597 3353 codicum
621 3290 810 3355 testimoniis
831 3289 987 3354 nituntur.
1012 3323 1054 3332 —
1087 3285 1176 3349 idem
1198 3283 1367 3348 dicendum

337 3390 387 3448 est
408 3386 448 3450 de
463 3388 607 3470 Horatio,
630 3393 685 3472 qui
708 3393 739 3456 in
766 3383 969 3481 ‚carminibus‘
995 3388 1062 3454 suis
1082 3387 1165 3452 hanc
1177 3383 1367 3467 particulam

337 3489 463 3554 omuino
492 3493 643 3575 neglexit,
674 3496 705 3559 in
740 3495 879 3584 ³Epodon
908 3485 995 3558 libro‘
1028 3491 1125 3557 semel
1147 3486 1305 3568 adhibuit,
1336 3485 1368 3549 iu
1420 3493 1422 3498 ’

337 3590 445 3656 satiris
474 3599 581 3659 autem
611 3601 645 3660 et
673 3596 819 3678 epistulis
851 3597 934 3662 151⁶&
957 3630 998 3641 -
1029 3592 1174 3659 (latullus
1210 3589 1277 3670 his,
1315 3587 1368 3653 Ti·

337 3692 442 3760 bullus
464 3697 561 3762 semel
583 3717 621 3763 ea
642 3717 719 3763 usus
741 3704 800 3779 est,
822 3698 917 3780 paulo
939 3697 1067 3778 saepius
1082 3694 1277 3775 Propertius,
1299 3709 1368 3755 sae·

336 3797 467 3879 pissime
487 3807 595 3864 autern
618 3801 785 3866 Lucretius
807 3807 839 3865 et
862 3799 1029 3879 Vergilius.
1072 3796 1250 3879 Aliquoties
1272 3796 1368 3860 etiam

338 3907 443 3966 exstat
458 3902 490 3966 in
501 3901 821 3984 Pseudouergilianis,
833 3903 865 3966 iu
879 3901 1072 3967 carminibus
1084 3899 1204 3964 Grattii
1215 3896 1369 3981 (Falisci),

337 4010 371 4068 et
393 4002 589 4084 Germanioi,
619 4006 709 4069 deest
736 4005 770 4069 in
793 4004 932 4071 carmine
953 4003 1085 4069 Manilii.
1102 4001 1208 4066 —De
1229 4000 1368 4064 omnium

337 4113 445 4172 autem
468 4106 579 4172 horum
602 4114 767 4189 poetarum
791 4127 850 4173 usu
871 4107 965 4172 huius
986 4105 1172 4189 particulae,
1194 4120 1266 4168 cum
1288 4103 1369 4168 alias

338 4210 511 4276 decadem
532 4211 667 4278 materia
689 4217 820 4277 acturus
848 4211 919 4291 sim,
951 4210 985 4275 id
1008 4213 1133 4275 tantum
1155 4206 1269 4288 dicam,
1288 4201 1368 4273 ¹esse
