3109 5159
233 1445 338 1510 'Cum
371 1445 480 1510 studia
509 1445 649 1510 uirorum
683 1444 847 1509 doctorum
876 1444 972 1509 huius
994 1443 1127 1524 aetatis,
1160 1444 1215 1526 qui

179 1548 317 1629 quidem
340 1565 470 1629 operam
502 1548 581 1612 dant
609 1548 656 1611 rei
683 1546 911 1627 grammaticae
937 1546 1066 1626 linguae
1086 1545 1216 1625 latinae,

176 1648 336 1730 imprimis
358 1654 505 1731 spectent
527 1651 568 1713 ad
592 1649 776 1733 historicam
800 1654 838 1711 ut
857 1649 905 1714 ita
927 1648 1030 1712 dicam
1053 1648 1121 1712 eius
1141 1665 1216 1728 par-

177 1758 253 1832 tem,
277 1756 310 1815 et
331 1751 400 1832 ipse
422 1751 482 1817 hoc
498 1752 648 1833 opusculo
664 1750 785 1831 aliquid
807 1754 850 1817 ad
872 1751 954 1815 hanc
971 1768 1040 1814 rem
1055 1748 1217 1813 illustran-

179 1854 252 1916 dam
284 1852 411 1918 adferre
425 1854 586 1919 conabor.
640 1852 795 1934 Proposui
824 1858 931 1918 autem
966 1851 1045 1916 mihi
1080 1850 1219 1917 scribere

88 2034 91 2040 .
179 1954 348 2020 historiam
378 1974 454 2020 usus
484 1956 659 2037 negationis
688 1954 773 2020 illius
800 1954 929 2035 linguae
957 1954 1095 2034 latinae,
1128 1953 1217 2018 cuius

134 2087 137 2092 ⁴
179 2056 332 2137 originem
365 2064 403 2122 ut
435 2059 601 2139 inueniret,
632 2057 749 2122 nemini
771 2057 877 2122 adhuc
899 2055 1044 2138 contigit,
1072 2056 1142 2122 dico
1164 2074 1217 2119 ne·

179 2159 317 2240 gationis
342 2154 461 2250 ³haud‘.
505 2159 568 2225 Sed
589 2159 775 2241 priusquam
798 2160 840 2224 ad
863 2158 924 2223 hoc
944 2176 1049 2223 meum
1072 2156 1217 2239 proposi-

179 2268 248 2325 tum
270 2263 505 2345 transgrediar,
535 2262 646 2344 paucis
675 2262 754 2327 mihi
783 2261 933 2326 uidentur
955 2260 1219 2342 perstringendae

179 2382 250 2428 esse
272 2365 448 2430 sententiae
471 2366 613 2429 uirorum
636 2366 818 2443 doctorum,
841 2383 923 2446 quae
945 2364 988 2427 ad
1011 2362 1070 2428 hoc
1092 2368 1219 2442 tempus

180 2467 220 2530 de
243 2467 303 2532 hac
324 2467 483 2548 particula
504 2468 631 2532 omnino
652 2466 798 2549 prolatae
821 2472 906 2532 sunt.

266 2571 314 2633 Ac
342 2570 479 2656 primum
509 2570 638 2652 quidem
666 2569 744 2635 mihi
772 2569 833 2633 hoc
861 2570 930 2634 loco
959 2569 1111 2633 uidentur
1134 2571 1218 2632 trac-

180 2672 298 2736 tandae
320 2690 389 2737 esse
411 2691 467 2737 eae
490 2673 678 2755 sententiae,
700 2690 781 2753 quae
802 2671 920 2742 allatae
942 2678 1016 2737 sunt
1038 2672 1078 2735 de
1100 2669 1221 2750 origine

181 2774 276 2839 huius
306 2774 468 2854 uocabuli3
499 2793 582 2857 quae
612 2776 739 2855 quidem
774 2793 836 2839 non
866 2774 973 2855 magni
1002 2770 1222 2838 aestimandae

182 2881 271 2958 sunt,
302 2883 345 2946 ut
368 2877 608 2942 accuratissime
639 2877 874 2942 demonstrauit
905 2874 1088 2940 Fridericus
1122 2873 1221 2954 Sigis-

181 2980 317 3044 mundns
347 2980 379 3043 in
410 2979 689 3063 dissertatione1),
719 2998 801 3061 quae
833 2984 883 3044 est
914 2978 976 3060 „de
1005 2975 1093 3040 hand
1125 2993 1222 3055 nega-

182 3080 278 3144 tionis
301 3082 386 3161 apud
408 3081 531 3162 priscos
552 3082 724 3163 scriptores
746 3083 838 3147 usu“.
872 3080 956 3145 Nam
978 3084 1014 3143 ut
1035 3078 1220 3143 omittamus

182 3187 308 3248 ueteres
335 3183 407 3248 illos
428 3184 654 3265 grammaticos
681 3184 798 3250 latinos
820 3182 998 3249 charisium
1029 3185 1062 3245 et
1084 3179 1221 3244 Marium

183 3282 380 3349 Victorinum
394 3286 437 3369 ²),
467 3304 600 3367 quorum
624 3288 850 3368 originationes
871 3284 972 3351 huius
989 3282 1136 3349 uocabuli
1157 3282 1221 3346 iam

182 3387 302 3451 dudum
315 3388 406 3453 nihili
418 3388 524 3455 iactae
535 3394 617 3470 sunt,
636 3390 828 3455 recentiores
838 3406 963 3470 quoque
980 3387 1043 3452 uiri
1058 3384 1154 3467 docti,
1167 3382 1223 3466 qui

182 3488 214 3553 in
236 3490 297 3553 hac
318 3509 353 3555 re
367 3492 592 3573 inuestiganda
606 3493 728 3580 uersati
743 3497 828 3572 sunt,
851 3493 944 3572 longe
959 3510 980 3555 a
993 3488 1225 3572 probabilitate

181 3592 307 3657 absunt.
330 3592 409 3670 Quis
424 3595 507 3660 enim
523 3596 652 3661 credere
663 3600 781 3677 potest,
801 3589 903 3684 haud‘
923 3594 1126 3673 negationem
1140 3587 1226 3655 com·

164 3723 169 3730 ·
190 3694 328 3776 positam
349 3714 419 3761 esse
439 3717 478 3761 ex
504 3692 536 3788 h‘
554 3698 673 3763 radicis
699 3691 749 3788 ho‘
769 3696 964 3779 pronominis
984 3691 1229 3759 demonstratini

186 3796 263 3878 hic,
295 3798 384 3880 haec,
417 3795 493 3881 hocf,
515 3819 554 3865 ex
580 3794 632 3890 ³au‘
658 3799 821 3880 aduerbio‚
845 3798 930 3879 quod
958 3798 1043 3863 idem
1066 3796 1109 3862 sit
1130 3800 1228 3875 atque

185 3904 326 3964 nostrum
344 3901 507 3982 „hinweg“
529 3907 563 3967 et
577 3904 678 3968 lateat
700 3903 732 3968 iu
756 3902 877 3967 talibus
896 3901 1014 3982 uerbis,
1029 3898 1138 3982 qualia
1152 3900 1229 3961 sunt

271 4145 303 4308 d}
326 4145 364 4290 ἓξ.
380 4150 577 4293 ἔξαῇζωῗῒωῖζ
592 4232 639 4293 eo.
662 4233 702 4292 n.
722 4231 802 4291 uon.
831 4233 867 4307 a,
889 4251 918 4309 p.
938 4234 998 4290 112
1014 4225 1108 4291 euni.
1131 4248 1161 4305 p.
1181 4231 1229 4289 15.
