3109 5159
843 792 869 857 Ι.

457 929 512 994 De
545 921 663 1019 haud
697 927 923 1008 negationis
954 929 1061 1010 apud
1091 929 1248 1010 priscos

685 1051 908 1129 scriptores
938 1066 1022 1113 usu.

421 1219 529 1299 ¹Atque
550 1218 663 1283 horum
679 1218 809 1300 quidem
826 1218 1016 1299 scriptorum
1038 1219 1070 1283 in
1092 1237 1153 1284 usn
1168 1218 1374 1284 describendo

336 1321 415 1385 nihil
446 1321 534 1386 aliud
567 1319 672 1385 lacere
703 1337 832 1399 possum
862 1321 923 1385 nisi
953 1322 1064 1403 paucis
1094 1339 1266 1402 exponere,
1297 1321 1373 1401 quid

337 1423 559 1504 sigismundus
582 1423 613 1486 iu
637 1422 864 1487 dissertatione
885 1441 944 1486 sua
966 1423 1241 1488 demonstrauerit.
1277 1422 1375 1487 Vide-

337 1543 407 1590 mus
429 1529 535 1590 autem
558 1543 597 1589 ex
618 1543 666 1603 ea,
697 1524 769 1588 illos
789 1525 964 1606 scriptores
983 1527 1169 1607 saepissime
1197 1526 1280 1591 hanc
1300 1546 1375 1607 par-

336 1626 467 1691 ticulam
490 1626 674 1692 adhibuisse
696 1627 738 1692 ad
762 1628 925 1708 negandas
947 1628 1091 1709 singulas
1109 1629 1261 1707 notiones,
1279 1628 1375 1692 raris-

337 1730 417 1794 sime
439 1748 515 1793 uero
537 1729 579 1792 ad
601 1730 748 1811 neganda
770 1734 840 1795 tota
862 1732 1036 1795 enuntiata.
1074 1730 1161 1807 Quas
1183 1731 1326 1794 notiones
1349 1730 1377 1793 si
1481 1729 1484 1733 ’

338 1828 435 1911 paulo
457 1830 643 1911 diligentins
665 1832 941 1913 perlustrabimus,
971 1834 1108 1896 maxima
1131 1839 1280 1919 exparte
1303 1850 1376 1897 con-

339 1935 426 1995 stare
455 1950 494 1996 ex
515 1933 684 1999 adiectiuis
714 1939 748 1998 et
770 1934 931 2000 adnerbiis
958 1934 1147 2015 uidebimus,
1177 1951 1247 1998 raro
1270 1937 1375 1996 autem

340 2033 423 2097 inter
446 2051 500 2098 eas
522 2034 621 2099 uerba
643 2037 792 2117 conspici.
830 2037 999 2101 Adiectiua
1022 2056 1103 2118 quae
1126 2037 1188 2102 hac
1210 2037 1377 2117 negatione

340 2140 506 2216 negantur,
522 2137 708 2218 plerumque
724 2137 905 2218 significant
928 2140 978 2204 uel
991 2141 1119 2203 modum
1134 2140 1186 2203 nel
1202 2137 1378 2202 aestimati-

340 2255 441 2316 onem,
463 2243 500 2302 ut
525 2240 661 2327 multus,
676 2241 865 2320 permultuS,
880 2241 1002 2321 longua,
1017 2241 1273 2322 perlonginquus,
1289 2257 1377 2314 mag-

343 2357 410 2416 nuS,
433 2339 608 2419 mediocria,
631 2359 761 2423 aequus,
776 2342 914 2422 iniquus,
936 2341 1057 2418 similia,
1080 2341 1251 2417 dissimilis
1267 2339 1379 2416 facilia,

344 2441 457 2518 malus,
480 2441 594 2524 bonus,
616 2443 745 2524 probus,
768 2445 910 2521 decorus
932 2462 1001 2524 par,
1022 2443 1165 2524 pulcher,
1188 2444 1297 2522 mirus,
1321 2442 1378 2504 mi·

293 2555 295 2560 '
345 2544 474 2623 raudus,
492 2538 666 2611 mirabilia‘.
699 2547 773 2610 Alia
788 2547 949 2610 adieetiua
964 2550 1039 2610 sunt
1057 2547 1192 2634 inuitus,
1215 2549 1379 2626 grauatus

346 2646 507 2727 molestus,
539 2647 671 2730 alienus,
694 2649 893 2726 temerarius,
922 2649 1047 2730 dubius,
1068 2647 1179 2725 falsus,
1201 2647 1378 2729 imperitus,

345 2747 501 2830 indoctus,
514 2740 652 2829 insanus
664 2751 822 2831 indignae,
837 2752 980 2831 inpuruS,
996 2750 1180 2828 inliberalis
1192 2749 1379 2827 immeritus,

345 2849 502 2931 sordidus,
525 2851 663 2931 inultus,
677 2854 866 2932 luculentus,
890 2853 1096 2930 meretricius,
1112 2852 1302 2928 subditiuus,
1324 2869 1379 2930 op·

345 2951 464 3033 tabilis,
487 2954 716 3035 discordabiliS,
746 2961 983 3033 consentaneus,
1014 2955 1157 3033 mendax,
1179 2945 1381 3017 uerisimilis‘.

347 3053 469 3132 Quibus
485 3056 653 3122 adieciiuis
676 3058 824 3123 addenda
845 3064 920 3122 sunt
943 3060 1039 3124 etiam
1054 3057 1239 3139 pronomina
1260 3054 1381 3135 „alius“

347 3162 381 3222 et
400 3154 590 3245 ‚quisquani
621 3159 710 3236 Quae
727 3161 888 3226 adiectiua
904 3161 957 3242 qni
974 3160 1156 3240 diligentins
1171 3157 1380 3239 percensebit,

347 3259 592 3340 animaduertat,
613 3263 765 3344 pleraque
788 3264 955 3328 coniuncta
977 3280 1046 3326 cum
1074 3255 1172 3349 ‚haud‘
1200 3261 1232 3324 in
1254 3266 1380 3324 contra-

348 3361 429 3427 riam
445 3361 708 3443 significationem
725 3366 873 3442 euadere,
896 3370 932 3427 ut
948 3362 1105 3428 efficiatur
1120 3361 1224 3444 figura
1237 3362 1381 3426 litotetos

348 3483 431 3547 quae
453 3466 643 3545 nominatur,
666 3468 749 3549 quod
771 3466 941 3548 praecipue
963 3466 1066 3530 elucet
1087 3466 1120 3530 in
1142 3465 1182 3530 iis
1204 3464 1382 3542 adiectiuis‚

349 3586 431 3648 quae
454 3568 629 3650 composita
651 3572 819 3634 sunt'cum
841 3568 973 3650 syllabis
995 3569 1154 3649 negatinis
1185 3560 1243 3655 ‚dis‘
1270 3572 1303 3629 et
1327 3559 1382 3654 iri.

433 3670 524 3734 Idem
546 3669 613 3735 fere
634 3672 718 3752 quod
750 3672 791 3735 de
812 3671 982 3736 adiectiuis
1005 3671 1126 3735 dictum
1157 3676 1223 3747 est,
1253 3668 1381 3749 quibus-

349 3790 420 3836 cum
457 3772 556 3852 prisci
592 3774 764 3855 scriptores
798 3774 880 3839 hanc
914 3774 1109 3858 negationem
1147 3774 1383 3848 coniunxerunt,

350 3874 520 3939 dicendum
561 3876 601 3940 de
639 3876 810 3942 aduerbiis.
864 3876 987 3941 Horum
1023 3893 1146 3958 quoque
1187 3875 1220 3939 in
1254 3892 1383 3937 numero

350 3976 528 4041 inuenimus
556 3976 769 4058 significantia
798 3979 849 4044 uel
882 3979 1009 4043 modum
1039 3978 1091 4042 uel
1120 3975 1384 4055 aestimationem,

350 4083 388 4143 ut
422 4078 537 4168 >multo,
568 4080 713 4161 multum,
742 4080 845 4164 longe,
875 4080 1012 4163 longule,
1042 4080 1253 4156 mediocriter,
1282 4077 1383 4159 facile,

351 4183 443 4265 male,
459 4183 606 4263 perbene,
621 4183 729 4268 probe,
745 4178 876 4260 decore‘.
910 4184 983 4249 Alia
997 4191 1071 4248 sunt
1089 4190 1241 4273 grauate,
1256 4189 1385 4262 temere,
