3109 5159
573 611 787 678 ..17-

163 781 282 849 imitati
312 785 401 861 sunt,
431 785 469 845 ut
499 780 684 864 plerumque
715 801 786 848 cum
818 800 855 848 eo
887 788 1081 866 congruant,
1115 786 1200 867 quod

162 889 259 953 etiam
282 885 382 949 multo
404 884 507 965 magis
529 884 697 948 dicendum
727 891 778 950 est
809 885 850 949 de
872 885 977 966 poetis
999 888 1198 968 sequentium

163 997 315 1069 aetatum,
338 986 393 1069 qui
415 1004 543 1051 uersum
565 985 785 1051 hexametrum
808 987 1043 1068 adhibuerunt;
1075 1008 1138 1070 qua
1160 1009 1198 1055 ex

164 1112 198 1157 re
220 1096 366 1172 apparet,
388 1088 443 1170 qui
458 1087 578 1155 factum
600 1089 654 1168 sit,
675 1095 713 1153 ut
734 1089 814 1155 haec
827 1090 956 1172 negatio
977 1093 1064 1173 apud
1085 1098 1199 1174 poetas

162 1194 333 1277 praecipue
355 1210 455 1273 usque
478 1191 520 1254 ad
542 1189 725 1273 Oorippum,
759 1198 886 1273 poetam
910 1193 994 1258 sexti
1015 1212 1048 1275 p.
1070 1193 1144 1258 Chr.
1167 1213 1198 1259 n.

163 1295 292 1375 saeculi,
320 1294 443 1360 seruari
468 1293 620 1375 potuerit,
643 1312 713 1358 cum
736 1295 824 1377 apud
847 1296 1021 1377 scriptores
1043 1297 1111 1363 eius
1133 1315 1198 1361 me·

162 1399 264 1463 moria
279 1398 343 1462 iam
358 1415 460 1478 paene
475 1396 581 1460 deleta
596 1402 692 1461 esset.
703 1433 745 1444 —
761 1397 846 1475 Quid
868 1398 909 1463 de
931 1417 991 1462 usu
1006 1398 1101 1464 buius
1123 1418 1199 1482 par·

163 1500 281 1565 ticulae
303 1500 337 1563 in
361 1498 499 1564 Senecae
521 1498 698 1580 tragoediis
720 1497 877 1579 iudicem,
908 1500 972 1564 iam
995 1520 1094 1582 supra
1115 1501 1198 1581 dixi3

162 1621 247 1669 nune
268 1601 422 1667 afferendi
445 1606 521 1666 sunt
543 1600 727 1680 Phaedrus,
761 1601 901 1681 Persius,
923 1603 1065 1668 incertus
1087 1609 1200 1667 auctor

162 1705 329 1784 carminis,
367 1705 452 1785 quod
486 1703 592 1768 Aetna
630 1703 834 1778 inscribitur,
880 1705 1038 1770 Homerus
1068 1705 1198 1784 latinus,

162 1826 256 1889 quem
272 1805 384 1871 Silium
404 1806 554 1871 Italicum
577 1825 647 1871 esse
669 1824 753 1872 nunc
775 1812 901 1889 putant,
923 1807 1099 1887 Juuenalis,
1120 1825 1198 1889 quo·

162 1930 232 1974 rum
247 1919 353 1974 tamen
369 1909 402 1972 in
418 1908 612 1974 carminibus
631 1903 732 1997 ‚hand‘
753 1909 925 1973 admodum
940 1928 1013 1973 raro
1028 1910 1198 1991 reperitur.

247 2012 383 2076 Omnino
409 2005 511 2101 ‚haud‘
538 2016 729 2092 aspernatus
752 2013 802 2077 est
824 2010 1052 2077 Columellam
1076 2012 1198 2077 decimo

162 2116 245 2181 libro
275 2114 382 2196 operis
412 2115 480 2194 sui,
515 2114 548 2178 in
578 2132 642 2196 quo
672 2114 889 2195 componendo
919 2132 1064 2180 sermone
1090 2114 1199 2180 uincto

163 2236 241 2283 usus
264 2224 330 2297 est,
354 2216 451 2282 semel
466 2221 591 2281 tantum
609 2222 746 2297 apparet
767 2217 801 2281 in
817 2215 979 2282 Martialis
994 2217 1198 2282 carminibus

648 2523 705 2589 IV.

161 2665 307 2747 Agitur
321 2663 367 2727 de
381 2659 671 2742 scriptoribus,
692 2659 758 2743 qui
778 2649 1198 2726 fueruntaFrontone

161 2786 293 2849 usque
315 2765 365 2829 ad
387 2770 609 2831 extremam
632 2763 805 2845 linguae
827 2763 989 2828 latinae
1010 2769 1197 2829 aetatem.

246 2937 317 3002 Hoc
347 2935 451 3016 capite
482 2932 674 3014 complectar
704 2951 814 2998 omnes
844 2933 982 3015 reliquos
1013 2933 1197 3015 scriptores

162 3059 242 3122 quos
271 3039 399 3121 quidem
428 3038 471 3102 ad
502 3036 701 3119 propositum
731 3053 836 3101 meum
867 3034 1095 3101 conficiendum
1126 3055 1197 3117 per·

161 3144 235 3224 legi,
250 3160 384 3224 quornm
399 3159 416 3205 e
430 3158 561 3204 numero
575 3139 679 3220 primo
693 3138 762 3204 loco
776 3136 961 3221 proferendi
976 3144 1052 3204 sunt
1067 3140 1197 3219 Fronto,

162 3245 265 3310 Aulus
297 3242 429 3321 Gellius,
464 3241 629 3328 Apuleius
662 3242 718 3323 qui
747 3243 868 3309 artiore
901 3229 1039 3323 quodam
1071 3242 1198 3309 uinculo

162 3349 247 3413 inter
268 3365 303 3413 se
325 3345 505 3411 cohaerent.

248 3449 358 3530 Neque
385 3466 462 3513 uero
488 3448 662 3528 quidquam
691 3446 767 3511 noui
796 3465 835 3511 ex
864 3464 973 3511 eorum
995 3446 1126 3528 scriptis
1155 3447 1199 3511 ad

117 3537 123 3548 ¹
164 3572 230 3619 rem
247 3570 349 3617 meam
365 3550 585 3631 explicandam
600 3548 729 3613 haurire
743 3549 844 3630 potui,
865 3549 929 3613 nisi
950 3549 1036 3629 quod
1051 3548 1199 3614 coniunc-

163 3655 280 3720 tionem
315 3647 417 3743 ‚baud‘
450 3652 630 3734 negationis
659 3670 730 3718 eum
767 3650 876 3715 uerbis
906 3651 1044 3732 primum
1073 3649 1199 3733 neglegi

164 3755 306 3838 cognoui.
343 3755 426 3820 Nam
448 3755 482 3819 hi
507 3761 573 3821 tres
595 3754 769 3836 scriptores
791 3753 885 3835 longe
907 3753 1095 3833 saepissime
1116 3751 1199 3818 banc

163 3858 355 3942 particulam
377 3858 594 3923 adhibuerunt
622 3857 664 3921 ad
685 3856 834 3939 neganda
856 3855 1011 3920 aducrbia
1038 3862 1072 3920 et
1093 3856 1198 3921 adiec-

164 3962 242 4041 tiua,
264 3980 338 4026 raro
353 3968 460 4030 autem
483 3961 524 4024 ad
538 3960 687 4042 neganda
700 3959 809 4038 uerba,
825 3958 909 4040 quod
924 3957 1010 4039 apud
1027 3962 1198 4038 sequentes

163 4066 337 4147 scriptores
359 4065 392 4128 in
415 4063 484 4127 dies
508 4063 610 4144 magis
632 4061 751 4127 iactum
782 4079 853 4126 esse
875 4060 1053 4141 apparebit.
1097 4057 1198 4124 Voca-

163 4167 240 4232 bula
260 4185 338 4231 uero
359 4167 441 4247 ipsa,
469 4166 656 4247 quibuscum
683 4157 786 4255 baud‘
813 4164 900 4246 apud
922 4181 977 4228 eos
998 4162 1198 4227 coniunctum

163 4270 321 4351 uidemus,
350 4288 413 4334 non
436 4269 541 4334 dicam
572 4268 688 4349 omnia,
716 4267 775 4333 sed
804 4264 967 4349 permulta
989 4265 1099 4329 eadem
1123 4270 1199 4332 sunt

978 4380 993 4417 2
