3109 5159
532 572 802 674 '-1o-

175 779 209 844 id
225 778 452 860 adsumpserit,
475 779 530 844 uix
551 779 682 844 dubium
697 786 758 846 est.
802 779 903 846 Deest
923 779 1004 847 haec
1025 780 1156 862 negatio
1176 779 1210 845 in

175 882 271 947 Nonii
300 881 446 946 Marcelli
467 880 565 959 libro;
588 882 757 962 aliquoties
779 883 831 946 usi
853 887 929 947 sunt
951 901 989 948 ea
1011 880 1210 963 Panegyrici,

176 984 352 1049 Trebellius
376 982 487 1061 Pollio,
509 982 680 1064 Arnobius,
702 984 870 1049 coniuncta
892 1002 963 1048 cum
985 984 1155 1050 adiectiuis
1179 989 1211 1048 et

176 1085 349 1165 aduerbiiS,
372 1084 480 1165 qualia
502 1090 578 1148 sunt
608 1085 783 1173 immerito,
805 1103 955 1166 unquam,
984 1085 1089 1166 aliter,
1120 1087 1211 1169 igno·

176 1186 260 1266 bilis,
283 1193 459 1265 contentae,
488 1186 590 1267 exilis,
621 1180 807 1267 dissimilis‘,
837 1206 908 1252 cum
929 1187 1119 1254 Lactantius
1141 1190 1212 1253 Fir·

127 1297 135 1310 '
176 1290 311 1369 mianus,
334 1287 513 1369 discipulus
536 1288 678 1367 Arnobii,
701 1307 771 1353 eam
794 1290 1032 1370 contempserit.
1076 1290 1212 1372 Saepius

177 1392 292 1457 deinde
318 1410 388 1455 eam
418 1390 566 1455 uidemus
595 1390 628 1454 in
660 1390 797 1455 historia
826 1390 1002 1455 Alexandri
1032 1391 1143 1473 Magni
1174 1412 1213 1479 en

177 1493 301 1559 Graeca
315 1493 428 1574 lingua
449 1493 481 1556 in
496 1492 631 1556 latinam
654 1511 674 1555 a
687 1492 774 1557 Julio
790 1493 918 1557 Valerio
933 1494 1094 1560 translata
1112 1514 1214 1576 neque

176 1603 284 1660 tamen
300 1594 394 1659 aliter
409 1600 505 1674 atque
519 1593 560 1658 ab
574 1598 717 1658 aetatum
733 1595 877 1675 priorum
892 1596 1104 1678 scriptoribus
1119 1615 1213 1661 usur-

175 1703 295 1779 patam.

261 1798 378 1864 Diilert
399 1803 506 1863 autem
527 1798 580 1862 hic
603 1798 742 1879 scriptor
770 1798 811 1863 ab
834 1800 965 1881 reliquis
986 1801 1072 1865 illius
1094 1801 1213 1866 aetatis

177 1900 398 1982 scriptoribus,
419 1902 504 1982 quod
526 1919 597 1965 curn
619 1900 727 1965 uerbis
749 1919 874 1982 quoque
895 1904 1025 1984 saepius
1047 1922 1118 1967 eam
1141 1921 1214 1967 con-

176 2003 291 2069 iunxit.
302 2038 345 2050 -
357 2003 508 2085 Sequitur
521 2009 665 2083 tempore
678 2002 785 2067 Julius
802 2003 1013 2087 Capitolinus,
1036 2004 1091 2086 qui
1112 2005 1213 2086 scrip·

178 2108 221 2171 sit
239 2105 336 2171 semel
363 2104 455 2194 ‚haud
470 2104 574 2184 aliter,
590 2121 691 2182 secus,
709 2099 829 2169 simul‘:
851 2112 1037 2172 nouantem
1051 2107 1216 2172 inuenitur

177 2211 210 2273 in
227 2208 357 2273 l'irmiei
371 2207 512 2271 Materni
532 2204 700 2287 profanam
724 2205 907 2289 religionem
937 2210 1100 2291 sequentis
1123 2208 1214 2273 libris

176 2330 235 2376 nec
265 2312 352 2392 apud
381 2310 552 2374 Firmicum
583 2308 763 2372 Maternum
796 2297 1006 2375 christianam
1029 2310 1214 2393 religionem

178 2421 372 2495 sequentem.
417 2411 601 2476 chalcidius
623 2410 674 2475 bis
701 2405 803 2498 ‚haud‘
832 2410 982 2476 adhibuit
1002 2412 1046 2476 ad
1067 2413 1215 2494 neganda

178 2514 335 2582 uocabula
361 2508 417 2604 ita‘
444 2521 477 2578 et
502 2508 591 2602 scio.
626 2511 727 2580 Paulo
742 2513 873 2595 saepius
889 2512 1013 2578 Marius
1030 2513 1214 2579 Victorinus

179 2638 216 2683 eo
238 2635 317 2683 usus
348 2623 399 2684 est
422 2615 532 2705 (haud
554 2615 658 2696 aliter,
691 2614 788 2695 alias,
817 2616 878 2694 ita,
907 2613 1018 2695 facile,
1045 2616 1215 2695 immerito,

179 2718 330 2800 difficilis,
349 2719 470 2800 dispar,
487 2718 755 2799 praetermittere,
770 2711 873 2800 pati).
884 2754 926 2762 -
941 2716 1020 2782 (lum
1035 2737 1112 2782 uero
1130 2736 1215 2784 nunc

179 2843 236 2905 per
275 2823 412 2887 Marium
442 2820 641 2885 Victorinum
672 2821 716 2884 ad
747 2820 974 2902 grammaticos
1004 2819 1215 2900 peruenerim,

179 2926 239 2991 hoc
261 2926 329 2991 loco
350 2943 458 2989 eorum
487 2941 578 2987 usum
602 2922 697 2986 huius
719 2920 898 3002 particulae
917 2920 1072 2985 tractabo.
1117 2922 1165 2985 Ac
1187 2922 1216 2985 si

180 3048 234 3094 eos
264 3046 389 3108 omnes,
421 3044 555 3108 quorum
584 3025 713 3105 quidem
742 3042 842 3106 opera
870 3022 963 3087 nobis
984 3023 1109 3086 tradita
1129 3028 1215 3102 suut,

178 3130 460 3209 considerabimus,
482 3147 537 3193 eos
559 3127 619 3193 hoc
641 3126 829 3192 uocabulum
850 3144 914 3190 non
936 3126 1105 3190 adamasse
1126 3125 1216 3189 uide·

179 3233 294 3313 bimus,
317 3251 386 3298 cum
408 3232 504 3313 pauci
525 3237 651 3295 tantum
673 3229 759 3310 iique
780 3247 914 3309 perraro
943 3228 978 3291 id
1000 3227 1216 3306 adhibuerint,
1329 3307 1332 3312 Α

178 3334 323 3417 plerique
345 3353 422 3399 uero
443 3353 483 3399 ue
505 3331 824 3398 commemorauerint
846 3330 984 3411 quidem.

264 3437 395 3502 Flauius
412 3435 517 3518 Caper
530 3433 557 3515 1)
581 3435 678 3500 semel
694 3435 826 3516 scripsit
851 3432 944 3522 haud
966 3425 1072 3497 dices‘.
1104 3431 1216 3497 Velius

54 3556 57 3562 ·
177 3542 323 3623 Longus,
370 3539 539 3605 Terentius
584 3535 739 3615 Scaurus,
777 3535 901 3600 Marius
939 3533 1063 3599 Plotius
1105 3533 1216 3599 Sacer·

179 3647 248 3725 dos,
271 3642 483 3708 Terentianus
506 3640 648 3719 Maurus,
675 3638 760 3703 iuba
794 3630 898 3726 ‚haud‘
929 3655 991 3700 nou
1020 3636 1122 3702 solum
1154 3655 1216 3700 non

179 3751 434 3828 usurpauerunt,
476 3745 534 3810 sed
567 3760 607 3806 ne
639 3740 832 3805 mentionem
867 3739 997 3822 quidem
1031 3739 1099 3803 eius
1133 3736 1216 3803 iece-

177 3858 270 3914 runt:
302 3841 387 3931 quod
416 3847 500 3911 idern
532 3844 701 3909 dicendum
730 3848 781 3908 est
809 3843 849 3907 de
876 3842 1004 3905 Donato
1026 3849 1059 3906 et
1091 3839 1214 3922 Sergio.

179 3951 302 4016 Marius
318 3950 501 4015 Victorinus
523 3957 631 4011 autem
653 3946 688 4009 id
710 3964 772 4009 non
795 3943 897 4010 solum
915 3943 1072 4022 adhibuit,
1093 3947 1131 4006 ut
1152 3942 1217 4005 iam

179 4072 278 4134 supra
307 4053 389 4132 dixi,
418 4052 476 4117 sed
507 4051 605 4115 etiam
635 4053 769 4114 conatus
801 4054 851 4113 est
881 4047 950 4112 eius
972 4044 1217 4128 originationem

269 4259 299 4340 l)
328 4263 364 4323 cf.
386 4259 465 4323 Keil.
492 4261 620 4321 Gramm.
644 4260 696 4320 lat.
716 4257 791 4346 Vol.
815 4256 883 4342 ῩΠ,
907 4276 935 4332 p.
959 4258 1029 4334 102,
1054 4257 1102 4315 13.

977 4354 1013 4407 ᾗ*
