3109 5159
595 555 787 667 ...9-

177 723 303 807 Gaesar,
326 726 490 794 Cornelius
511 727 633 811 Nepos,
664 729 707 795 M.
736 732 887 796 Annaeus
908 730 1037 812 Seneca,
1065 739 1123 799 aut
1144 751 1211 800 ser·

175 847 298 895 monem
321 830 497 912 priscorum
520 832 712 916 scriptorum
733 832 854 900 imitati
876 840 952 901 sunt
974 840 1011 900 ut
1041 836 1212 904 Sallustius

176 934 210 998 et
229 933 350 999 Liuius.
482 931 485 936 ⁴
1308 931 1312 938 ‘

169 1073 175 1082 ·
262 1035 354 1112 Quod
369 1038 487 1104 attinet
507 1040 550 1103 ad
570 1042 693 1120 poetas,
708 1041 1017 1106 commemorandum
1038 1046 1096 1121 est,
1117 1060 1212 1124 prae·

175 1140 268 1222 cipue
289 1158 343 1205 eos
364 1139 419 1220 qui
433 1158 528 1206 uersu
543 1142 726 1207 hexametro
748 1142 800 1208 nsi
820 1147 895 1207 sunt
915 1143 997 1210 hanc
1011 1144 1211 1227 negationem

175 1242 376 1321 adhibuisse,
407 1261 508 1324 paene
529 1249 637 1309 autern
660 1245 820 1329 spreuisse
842 1264 912 1310 eam
934 1264 1003 1325 eos,
1033 1247 1088 1327 qui
1111 1252 1212 1313 metro

176 1346 315 1429 elegiaco
338 1347 422 1427 quod
444 1351 579 1414 uocatur
600 1348 670 1413 siue
691 1347 764 1413 aliis
786 1348 837 1414 usi
859 1354 942 1414 sunt.

262 1449 324 1514 Sed
347 1449 412 1513 iam
433 1449 476 1514 ad
498 1469 589 1516 usum
611 1451 725 1516 horum
741 1450 933 1532 scriptorum
949 1451 1052 1532 ipsum
1069 1454 1211 1517 tractan-

176 1555 252 1619 dum
275 1557 436 1619 transeam
458 1558 492 1617 et
510 1553 638 1618 initium
660 1554 785 1634 capiam
807 1552 1001 1619 aCicerone.
1017 1590 1058 1600 -
1072 1554 1121 1618 Ea
1142 1572 1213 1632 uox,

176 1675 311 1740 quacum
329 1655 438 1721 Cicero
453 1655 639 1736 saepissime
663 1650 762 1746 ,haud‘
781 1657 953 1734 coniunxit,
974 1655 1107 1721 uerbum
1133 1648 1207 1745 ‚scio‘
1266 1701 1270 1706 .

176 1766 242 1839 est3
265 1778 338 1823 nam
362 1757 479 1823 locutio
506 1758 598 1847 haud
622 1753 691 1824 soio‘
722 1758 841 1824 centies
861 1758 928 1823 fere
957 1759 988 1823 in
1019 1760 1087 1824 eius
1112 1758 1211 1840 scrip·

176 1864 218 1928 tis
233 1862 360 1945 legitnr.
392 1859 527 1942 Reliqua
542 1861 706 1941 uocabula,
729 1879 812 1941 quae
832 1861 918 1942 apud
941 1879 1012 1927 eum
1034 1860 1094 1925 hae
1117 1878 1212 1942 nega-

175 1965 261 2030 tione
291 1967 463 2045 negantur,
494 1963 632 2028 maxima
665 1982 703 2028 ex
733 1970 827 2045 parte
860 1968 988 2029 exstant
1016 1963 1048 2027 in
1082 1961 1212 2043 seriptis

176 2066 421 2148 philosophicis3
444 2065 559 2131 deinde
574 2073 751 2148 sequnntur
765 2065 931 2147 epistulae,
948 2065 1094 2130 ultimum
1109 2065 1212 2130 locum

177 2170 322 2235 obtinent
341 2168 502 2234 orationes
525 2174 557 2235 et
579 2169 700 2250 scripta
721 2170 763 2233 ad
786 2172 887 2234 artem
911 2168 1101 2233 rhetoricam
1123 2183 1212 2248 speo-

176 2273 289 2337 tantia.
482 2356 487 2363 ι

262 2375 299 2438 ln
315 2373 365 2438 his
376 2374 515 2455 scriptis,
527 2392 608 2454 quae
623 2380 762 2438 extremo
777 2373 846 2438 loco
861 2373 1032 2455 nominaui,
1048 2371 1213 2452 uocabula,

177 2495 258 2559 quae
281 2494 351 2540 cum
388 2470 486 2564 hand
519 2478 767 2556 coniunguntur,
799 2477 878 2541 haec
908 2482 997 2567 sunta
1042 2475 1212 2556 adiectiua,

177 2580 339 2656 obscurus,
352 2572 552 2656 uerisimilis‘,
563 2578 717 2643 aduerbia
733 2579 949 2667 mediocriter,
964 2597 1050 2658 sane,
1067 2577 1212 2658 multum,

176 2677 290 2763 paulo‘,
319 2681 419 2747 uerba
450 2680 612 2770 dubitare,
634 2676 813 2764 requirere‘.
860 2682 921 2746 Sed
942 2681 1131 2746 monendum
1153 2684 1213 2757 est,

178 2789 305 2866 praeter
324 2777 497 2873 dubitare,
519 2785 604 2865 quod
626 2783 675 2849 bis
702 2778 798 2872 haud
816 2783 975 2865 particula
990 2788 1139 2866 negatum
1153 2786 1213 2860 est,

178 2887 283 2951 omnia
313 2886 434 2967 reliqua
466 2886 637 2964 uocabula,
667 2904 748 2967 quae
771 2887 864 2951 modo
887 2885 1086 2966 enumerem,
1115 2883 1212 2949 semel

178 2995 301 3053 tanturn
325 3007 396 3055 cum
423 2983 524 3077 >haud‘
552 3010 572 3055 a
595 2990 743 3054 Cicerone
765 2988 934 3055 coniuncta
953 3006 1033 3054 esse.

263 3091 299 3155 In
323 3093 453 3171 scriptis
474 3092 702 3173 philosophicis
723 3093 859 3174 primurn
883 3110 1012 3156 numero
1034 3090 1136 3156 locum
1158 3088 1213 3153 ob-

178 3193 282 3258 tinent
303 3193 466 3271 aduerbia,
490 3198 526 3257 ut
550 3193 657 3283 ,facile
688 3196 750 3274 ita,
777 3194 883 3275 paulo,
905 3194 1025 3275 procul,
1048 3211 1132 3267 sane,
1155 3209 1213 3257 un·

179 3288 292 3376 quam‘,
315 3311 396 3374 quae
411 3303 586 3377 sequuntur
607 3296 706 3363 uerba
731 3296 895 3387 ignorare,
917 3315 1033 3378 errare,
1056 3294 1213 3375 assentiri,

179 3397 343 3478 dubitare,
372 3399 447 3473 niti,
480 3398 667 3476 abhorrere,
696 3399 896 3480 intellegere,
929 3416 1007 3477 esse,
1037 3396 1213 3479 periculum

179 3493 254 3577 est‘3
280 3499 416 3580 denique
438 3501 599 3566 adiectiua
624 3499 778 3590 difficilis,
801 3501 977 3580 mediocria,
1000 3494 1117 3581 mirus‘,
1144 3498 1214 3581 qui·

180 3602 239 3667 bus
266 3602 468 3684 adiungenda
499 3610 575 3669 sunt
603 3604 789 3684 pronomina
823 3597 923 3692 ‚ideni
958 3608 990 3668 et
1023 3595 1212 3692 puisquam‘.

263 3706 301 3770 In
324 3705 470 3786 epistulis
493 3704 654 3771 inuenitur
677 3704 797 3770 nullum
827 3706 1020 3771 adiectiuum
1051 3723 1123 3772 cum
1153 3704 1213 3768 hac

180 3808 346 3888 negatione
368 3808 579 3887 coniunctum,
602 3809 658 3873 sed
681 3824 776 3871 unum
796 3823 966 3889 pronomen
993 3800 1100 3894 ullus‘,
1121 3823 1214 3886 prae·

180 3915 269 3974 terea
306 3909 460 3975 aduerbia
493 3910 627 3999 ³lepide,
663 3910 816 3989 multum,
846 3909 956 3991 paulo,
992 3902 1149 3991 unquam‘,
1180 3911 1215 3971 et

179 4019 308 4094 praeter
328 4010 495 4076 formulam
529 4013 622 4102 ‚haud
650 4007 725 4078 sciot
761 4019 887 4077 tantum
917 4011 1049 4076 uerbum
1083 4004 1213 4101 amare‘.

266 4114 368 4180 Multo
390 4115 488 4179 etiam
509 4114 684 4196 simplicior
705 4132 801 4195 quam
824 4115 909 4196 apud
933 4113 1115 4179 Ciceronem
1136 4130 1214 4178 usus

179 4217 274 4283 huius
297 4217 442 4284 uocabuli
471 4225 521 4284 est
549 4217 582 4282 in
611 4217 702 4283 libris
724 4216 879 4292 Caesaris,
911 4214 1048 4283 Cornelii
1069 4213 1213 4297 Nepotis,
